@inproceedings{Pazzaglia:2019,
  author =	{Paolo Pazzaglia and Claudio Mandrioli and Martina Maggio and Anton Cervin},
  title =	{{DMAC: Deadline-Miss-Aware Control}},
  booktitle =	{31st Euromicro Conference on Real-Time Systems (ECRTS 2019)},
  pages =	{1:1--1:24},
  series =	{Leibniz International Proceedings in Informatics (LIPIcs)},
  ISBN =	{978-3-95977-110-8},
  ISSN =	{1868-8969},
  year =	{2019},
  volume =	{133},
  doi =		{10.4230/LIPIcs.ECRTS.2019.1},
}

@INPROCEEDINGS{Horssen:2016,
  author={van Horssen, E. P. and Behrouzian, A. R. Baghban and Goswami, D. and Antunes, D. and Basten, T. and Heemels, W. P. M. H.},
  booktitle={2016 European Control Conference (ECC)}, 
  title={Performance analysis and controller improvement for linear systems with (m, k)-firm data losses}, 
  year={2016},
  volume={},
  number={},
  pages={2571-2577},
  doi={10.1109/ECC.2016.7810677}
}

@article{Safari:2022,
  title={A survey of fault-tolerance techniques for embedded systems from the perspective of power, energy, and thermal issues},
  author={Safari, Sepideh and Ansari, Mohsen and Khdr, Heba and Gohari-Nazari, Pourya and Yari-Karin, Sina and Yeganeh-Khaksar, Amir and Hessabi, Shaahin and Ejlali, Alireza and Henkel, J{\"o}rg},
  journal={IEEE Access},
  volume={10},
  pages={12229--12251},
  year={2022},
}

@ARTICLE{Hobbs:2022,
  author={Hobbs, Clara and Ghosh, Bineet and Xu, Shengjie and Duggirala, Parasara Sridhar and Chakraborty, Samarjit},
  journal={IEEE Transactions on Computer-Aided Design of Integrated Circuits and Systems}, 
  title={Safety Analysis of Embedded Controllers Under Implementation Platform Timing Uncertainties}, 
  year={2022},
  volume={41},
  number={11},
  pages={4016--4027},
  doi={10.1109/TCAD.2022.3198905},
}

@inproceedings{Bohrer:2018,
  author = {Bohrer, Brandon and Tan, Yong Kiam and Mitsch, Stefan and Myreen, Magnus O. and Platzer, Andr\'{e}},
  title = {VeriPhy: Verified Controller Executables from Verified Cyber-Physical System Models},
  year = {2018},
  isbn = {9781450356985},
  address = {New York, NY, USA},
  doi = {10.1145/3192366.3192406},
  booktitle = {Proceedings of the 39th ACM SIGPLAN Conference on Programming Language Design and Implementation},
  pages = {617--630},
  location = {Philadelphia, PA, USA},
  series = {PLDI 2018},
}


@inproceedings{Ahrendts:2018,
  author    = {Leonie Ahrendts and
               Sophie Quinton and
               Thomas Boroske and
               Rolf Ernst},
  title     = {Verifying Weakly-Hard Real-Time Properties of Traffic Streams in Switched
               Networks},
  booktitle = {30th Euromicro Conference on Real-Time Systems},
  series    = {LIPIcs},
  volume    = {106},
  pages     = {15:1--15:22},
  year      = {2018},
  url       = {https://doi.org/10.4230/LIPIcs.ECRTS.2018.15},
  doi       = {10.4230/LIPIcs.ECRTS.2018.15},
}

@article{Sun:2017,
  author    = {Youcheng Sun and
               Marco Di Natale},
  title     = {Weakly Hard Schedulability Analysis for Fixed Priority Scheduling
               of Periodic Real-Time Tasks},
  journal   = {{ACM} Trans. Embed. Comput. Syst.},
  volume    = {16},
  number    = {5s},
  pages     = {171:1--171:19},
  year      = {2017},
  url       = {https://doi.org/10.1145/3126497},
  doi       = {10.1145/3126497},
}

@book{Buttazzo:2005,
  author = {Buttazzo, Giorgio and Lipari, Giuseppe and Abeni, Luca and Caccamo, Marco},
  title = {Soft Real-Time Systems: Predictability vs. Efficiency},
  year = {2005},
  isbn = {0387237011},
}

@article{Liu:1973,
    author = {Liu, C. L. 
            and Layland, James W.},
    title = {Scheduling Algorithms for Multiprogramming in a Hard-Real-Time Environment},
    year = {1973},
    volume = {20},
    number = {1},
    issn = {0004-5411},
    doi = {10.1145/321738.321743},
    journal = {Journal of the ACM},
    pages = {46–61},
}

@article{Bernat:2001,
    author     = {Bernat, G. 
                  and Burns, A. 
                  and Liamosi, A.},
    title      = {Weakly hard real-time systems},
    year       = {2001},
    pages      = {308--321},
    volume     = {50},
    journal    = {IEEE Transactions on Computers},
}

@book{Astrom:1997,
    author = {\r{A}str\"{o}m, Karl J. and Wittenmark, Bj\"{o}rn},
    title = {Computer-Controlled Systems (3rd Ed.)},
    year = {1997},
    isbn = {0133148998},
    address = {USA}
}

@article{Astrom:2004,
    author = {K.J. Åström and T. Hägglund},
    title = {Revisiting the Ziegler–Nichols step response method for PID control},
    journal = {Journal of Process Control},
    volume = {14},
    number = {6},
    year = {2004},
    doi = {10.1016/j.jprocont.2004.01.002},
}

@misc{Ward:2019,
    title = {Security Considerations for Next-Generation Operating Systems for Cyber-Physical Systems},
    author = {Ward, Bryan C and Skowyra, Richard and Jero, Samuel and Burow, Nathan and Okhravi, Hamed and Shrobe, Howard and Khazan, Roger},
    year = {2019},
}

@INPROCEEDINGS{Ling:2002,
    author={Qiang Ling and Lemmon, M.D.},
    booktitle={Proceedings of the 41st IEEE Conference on Decision and Control},
    title={Robust performance of soft real-time networked control systems with data dropouts},
    year={2002},
    volume={2},
    doi={10.1109/CDC.2002.1184681},
}

@article{Wang:2012,
    author = {Wang, Weixun and Mishra, Prabhat and Gordon-Ross, Ann},
    title = {Dynamic Cache Reconfiguration for Soft Real-Time Systems},
    year = {2012},
    volume = {11},
    number = {2},
    issn = {1539-9087},
    doi = {10.1145/2220336.2220340},
    journal = {ACM Transactions on Embedded Computer Systems},
}

@article{Stankovic:1995,
	doi = {10.1109/2.386982},
	year = {1995},
	volume = {28},
	number = {6},
	pages = {16--25},
	author = {J.A. Stankovic and M. Spuri and M. Di Natale and G.C. Buttazzo},
	title = {Implications of classical scheduling results for real-time systems},
	journal = {Computer}
}

@inproceedings{Cervin:2005,
  author       = {Cervin, Anton},
  booktitle    = {16th IFAC World Congress},
  language     = {eng},
  title        = {Analysis of Overrun Strategies in Periodic Control Tasks},
  year         = {2005},
}

@inproceedings{Maggio:2020,
    author      = {Martina Maggio 
                    and Arne Hamann 
                    and Eckart Mayer-John 
                    and Dirk Ziegenbein},
    title       = {Control-System Stability Under Consecutive Deadline Misses Constraints},
    booktitle   = {32nd Euromicro Conference on Real-Time Systems (ECRTS 2020)},
    series      = {Leibniz International Proceedings in Informatics (LIPIcs)},
    year        = {2020},
    volume      = {165},
    doi         = {10.4230/LIPIcs.ECRTS.2020.21},
}

@article{Schenato:2009,
    author={L. {Schenato}},
    journal={IEEE Transactions on Automatic Control},
    title={To Zero or to Hold Control Inputs With Lossy Links?},
    year={2009},
    volume={54},
    number={5},
    pages={1093--1099},
}

@inproceedings{Vreman:2021,
    title = {Stability and Performance Analysis of Control Systems Subject to Bursts of Deadline Misses},
    author = {Nils Vreman and Anton Cervin and Martina Maggio},
    year = {2021},
    doi = {10.4230/LIPIcs.ECRTS.2021.15},
    volume = {196},
    booktitle = {33rd Euromicro Conference on Real-Time Systems (ECRTS)},
}

@inproceedings{Vreman:2022,
    author = {Vreman, Nils and Mandrioli, Claudio and Cervin, Anton},
    booktitle = {IEEE 28th Real-Time and Embedded Technology and Applications Symposium},
    title = {Deadline-Miss-Adaptive Controller Implementation for Real-Time Control Systems},
    year = {2022},
    pages = {13-26},
    doi = {10.1109/RTAS54340.2022.00010}
}



@article{Fang:2002,
  author={Yuguang Fang and Loparo, K.A.},
  journal={IEEE Transactions on Automatic Control}, 
  title={Stochastic stability of jump linear systems}, 
  year={2002},
  volume={47},
  number={7},
  pages={1204-1208},
  doi={10.1109/TAC.2002.800674}
}

@article{Bolzern:2010,
    author = {Paolo Bolzern and Patrizio Colaneri and Giuseppe {De Nicolao}},
    title = {Markov Jump Linear Systems with switching transition rates: Mean square stability with dwell-time},
    journal = {Automatica},
    volume = {46},
    number = {6},
    pages = {1081-1088},
    year = {2010},
    issn = {0005-1098},
    doi = {https://doi.org/10.1016/j.automatica.2010.03.007},
}

@article{Liberzon:2014,
    author = {Daniel Liberzon},
    title = {Finite data-rate feedback stabilization of switched and hybrid linear systems},
    journal = {Automatica},
    volume = {50},
    number = {2},
    pages = {409-420},
    year = {2014},
    issn = {0005-1098},
    doi = {https://doi.org/10.1016/j.automatica.2013.11.037},
}

@inproceedings{Lincoln:2002,
    author={Lincoln, B. and Cervin, A.},
    booktitle={Proceedings of the 41st IEEE Conference on Decision and Control}, 
    title={Jitterbug: {A} tool for analysis of real-time control performance}, 
    year={2002},
    pages={1319-1324 vol.2},
    doi={10.1109/CDC.2002.1184698}
}

@article{Blair:1975,
    author = {W. P. {Blair Jr.} and  D. D. Sworder},
    title = {Feedback control of a class of linear discrete systems with jump parameters and quadratic cost criteria},
    journal = {International Journal of Control},
    volume = {21},
    number = {5},
    pages = {833-841},
    year  = {1975},
    doi = {10.1080/00207177508922037},
}

@article{Schenato:2007,
    author = {Schenato, Luca and Sinopoli, Bruno and Franceschetti, Massimo and Poolla, Kameshwar and Sastry, S. Shankar},
    journal = {Proceedings of the IEEE},
    title = {Foundations of Control and Estimation Over Lossy Networks},
    year = {2007},
    volume = {95},
    number = {1},
    pages = {163-187},
    doi = {10.1109/JPROC.2006.887306}
}

@article{Heemels:2010,
    author = {M.B.G. Cloosterman and L. Hetel and N. {van de Wouw} and W.P.M.H. Heemels and J. Daafouz and H. Nijmeijer},
    title = {Controller synthesis for networked control systems},
    journal = {Automatica},
    volume = {46},
    number = {10},
    pages = {1584-1594},
    year = {2010},
    issn = {0005-1098},
    doi = {https://doi.org/10.1016/j.automatica.2010.06.017},
}

@article{Heemels:2011,
    author = {Donkers, M. C. F. and Heemels, W. P. M. H. and van de Wouw, Nathan and Hetel, Laurentiu},
    journal = {IEEE Transactions on Automatic Control},
    title = {Stability Analysis of Networked Control Systems Using a Switched Linear Systems Approach},
    year = {2011},
    volume = {56},
    number = {9},
    pages = {2101-2115},
    doi = {10.1109/TAC.2011.2107631}
}

@inproceedings{Manolache:2004,
    author = {Manolache, S. and Eles, P. and Peng, Z.},
    booktitle = {10th IEEE Real-Time and Embedded Technology and Applications Symposium},
    title = {Optimization of soft real-time systems with deadline miss ratio constraints},
    year = {2004},
    pages = {562-570},
    doi = {10.1109/RTTAS.2004.1317304}
}
@article{Wilson:2011,
    author = {Wilson, Christo and Ballani, Hitesh and Karagiannis, Thomas and Rowtron, Ant},
    title = {Better Never than Late: Meeting Deadlines in Datacenter Networks},
    year = {2011},
    volume = {41},
    number = {4},
    issn = {0146-4833},
    doi = {10.1145/2043164.2018443},
    journal = {SIGCOMM Comput. Commun. Rev.},
}

@inproceedings{Linsenmayer:2017,
    author = {Linsenmayer, Steffen and Allgower, Frank},
    booktitle = {2017 IEEE 56th Annual Conference on Decision and Control (CDC)},
    title = {Stabilization of networked control systems with weakly hard real-time dropout description},
    year = {2017},
    volume = {},
    number = {},
    pages = {4765-4770},
    doi = {10.1109/CDC.2017.8264364}
}

@inproceedings{Pazzaglia:2018,
  author =	{Paolo Pazzaglia and Luigi Pannocchi and Alessandro Biondi and Marco Di Natale},
  title =	{{Beyond the Weakly Hard Model: Measuring the Performance Cost of Deadline Misses}},
  booktitle =	{30th Euromicro Conference on Real-Time Systems (ECRTS)},
  year =	{2018},
  volume =	{106},
  editor =	{Sebastian Altmeyer},
  doi =		{10.4230/LIPIcs.ECRTS.2018.10},
}

@article{Henzinger:2003,
 title = {Giotto: A time-triggered language for embedded programming},
 author = {Henzinger, Thomas A and Horowitz, Benjamin and Kirsch, Christoph M},
 journal = {Proceedings of the IEEE},
 volume = {91},
 number = {1},
 year = {2003},
}

@inproceedings{Kauer:2014,
    author      = {M. Kauer and
                  D. Soudbakhsh and
                  D. Goswami and
                  S. Chakraborty and
                  A.M. Annaswamy},
    title       = {Fault-tolerant control synthesis and verification of distributed embedded systems},
    booktitle   = {Design, Automation {\&} Test in Europe Conference Exhibition},
    year        = {2014},
}

@inproceedings{Goswami:2014,
    author      = {D. Goswami and
                  D. Mueller{-}Gritschneder and
                  T. Basten and
                  U. Schlichtmann and
                  S. Chakraborty},
    title       = {Fault-tolerant embedded control systems for unreliable hardware},
    booktitle   = {International Symposium on Integrated Circuits},
    year        = {2014},
}

@inproceedings{Ghosh:2018,
  author    = {Saurav Kumar Ghosh and
               Soumyajit Dey and
               Dip Goswami and
               Daniel Mueller{-}Gritschneder and
               Samarjit Chakraborty},
  editor    = {Jan Madsen and
               Ayse K. Coskun},
  title     = {Design and validation of fault-tolerant embedded controllers},
  booktitle = {2018 Design, Automation {\&} Test in Europe Conference {\&}
               Exhibition, {DATE} 2018, Dresden, Germany, March 19-23, 2018},
  pages     = {1283--1288},
  year      = {2018},
  url       = {https://doi.org/10.23919/DATE.2018.8342212},
  doi       = {10.23919/DATE.2018.8342212},
}

@INPROCEEDINGS{Schinkel:2002,
  author={Schinkel, M. and Wen-Hua Chen and Rantzer, A.},
  booktitle={Proceedings of the 2002 American Control Conference}, 
  title={Optimal control for systems with varying sampling rate}, 
  year={2002},
  volume={4},
  number={},
  pages={2979-2984 vol.4},
  doi={10.1109/ACC.2002.1025245},
}

@inproceedings{Bruggen:2021,
  author    = {Georg von der Br{\"{u}}ggen and
               Nico Piatkowski and
               Kuan{-}Hsun Chen and
               Jian{-}Jia Chen and
               Katharina Morik and
               Bj{\"{o}}rn B. Brandenburg},
  title     = {Efficiently Approximating the Worst-Case Deadline Failure Probability
               Under {EDF}},
  booktitle = {42nd {IEEE} Real-Time Systems Symposium, {RTSS} 2021, Dortmund, Germany,
               December 7-10, 2021},
  pages     = {214--226},
  year      = {2021},
  url       = {https://doi.org/10.1109/RTSS52674.2021.00029},
  doi       = {10.1109/RTSS52674.2021.00029},
}

@INPROCEEDINGS{Chen:2019,
  author={Chen, Kuan-Hsun and Ueter, Niklas and der Brüggen, Georg von and Chen, Jian-Jia},
  booktitle={2019 Design, Automation \& Test in Europe Conference \& Exhibition (DATE)}, 
  title={Efficient Computation of Deadline-Miss Probability and Potential Pitfalls}, 
  year={2019},
  volume={},
  number={},
  pages={896-901},
  doi={10.23919/DATE.2019.8714908}
}

@book{Costa:2005,
  title={Discrete-Time Markov Jump Linear Systems},
  author={Costa, O.L.V. and Fragoso, M.D. and Marques, R.P.},
  isbn={9781852337612},
  series={Applied probability},
  year={2005},
}


@phdthesis{Ohlin:2006,
    title = "Feedback Linux Scheduling and a Simulation Tool for Wireless Control",
    author = "Martin Ohlin",
    year = "2006",
    series = "Research Reports TFRT-3240",
    school = "Department of Automatic Control",
}

@inproceedings{Ma:2018,
    author = {Ma, Yehan and Wang, Yebin and Cairano, Stefano and Koike-Akino, Toshiaki and Guo, Jianlin and Orlik, Philip and Lu, Chenyang},
    title = {A smart actuation architecture for wireless networked control systems},
    year = {2018},
    doi = {10.1109/CDC.2018.8619831}
}

@inproceedings{Bruggen:2018a,
    author = {Chen, Kuan-Hsun and Von Der Brüggen, Georg and Chen, Jian-Jia},
    booktitle = {2018 IEEE 24th International Conference on Embedded and Real-Time Computing Systems and Applications (RTCSA)},
    title = {Analysis of Deadline Miss Rates for Uniprocessor Fixed-Priority Scheduling},
    year = {2018},
    pages = {168-178},
    doi = {10.1109/RTCSA.2018.00028}
}

@inproceedings{Bruggen:2018b,
  author =	{Georg von der Br{\"u}ggen and Nico Piatkowski and Kuan-Hsun Chen and Jian-Jia Chen and Katharina Morik},
  title =	{{Efficiently Approximating the Probability of Deadline Misses in Real-Time Systems}},
  booktitle =	{30th Euromicro Conference on Real-Time Systems},
  series =	{Leibniz International Proceedings in Informatics (LIPIcs)},
  year =	{2018},
  doi =		{10.4230/LIPIcs.ECRTS.2018.6},
}

@inproceedings{Markovic:2021,
  author =	{Markovic, Filip and Papadopoulos, Alessandro Vittorio and Nolte, Thomas},
  title =	{{On the Convolution Efficiency for Probabilistic Analysis of Real-Time Systems}},
  booktitle =	{33rd Euromicro Conference on Real-Time Systems},
  year =	{2021},
  doi =		{10.4230/LIPIcs.ECRTS.2021.16},
}

@article{Cucu-Grosjean:2019,
    author = {Davis, Robert I. and Cucu-Grosjean, Liliana},
    title = {A Survey of Probabilistic Timing Analysis Techniques for Real-Time Systems},
    volume = {6},
    DOI = {10.4230/LITES-v006-i001-a003},
    number={1},
    journal = {Leibniz Transactions on Embedded Systems},
    year = {2019},
}

@inproceedings{Cucu-Grosjean:2017,
    author = {Maxim, Dorin and Davis, Robert I. and Cucu-Grosjean, Liliana and Easwaran, Arvind},
    title = {Probabilistic Analysis for Mixed Criticality Systems Using Fixed Priority Preemptive Scheduling},
    year = {2017},
    doi = {10.1145/3139258.3139276},
    booktitle = {Proceedings of the 25th International Conference on Real-Time Networks and Systems},
}

@article{Linsenmayer:2020,
    author = {Michael Hertneck and Steffen Linsenmayer and Frank Allgöwer},
    title = {Stability Analysis for Nonlinear Weakly Hard Real-Time Control Systems},
    journal = {IFAC-PapersOnLine},
    volume = {53},
    number = {2},
    year = {2020},
    doi = {10.1016/j.ifacol.2020.12.307},
}

@book{Astrom:1970,
    title       = {Introduction to stochastic control theory},
    author      = {{\AA}str{\"o}m, {Karl Johan}},
    year        = {1970},
    isbn        = {0-12-065650-7},
    volume      = {70},
    series      = {Mathematics in science and engineering},
    address     = {United States},
}

@book{Golub:1996,
    author      = {Golub, Gene H. and Van Loan, Charles F.},
    title       = {Matrix Computations (3rd Ed.)},
    year        = {1996},
    isbn        = {0801854148},
    address     = {USA}
}

@book{Dekking:2006,
    author      = {Dekking, Frederik Michel and Kraaikamp, Cornelis and Lopuha{\"a}, Hendrik Paul and Meester, Ludolf Erwin},
    title       = {A Modern Introduction to Probability and Statistics},
    year        = {2006},
    isbn        = {978-1-84628-168-6},
}
