@inproceedings{Pazzaglia:2021,
    title = {Adaptive Design of Real-Time Control Systems subject to Sporadic Overruns},
    author = {P. Pazzaglia and A. Hamann and D. Ziegenbein and M. Maggio},
    booktitle = {Design, Automation {\&} Test in Europe Conference Exhibition (DATE)},
    year = {2021},
}

@article{Cazzolato:2011,
    title={On the dynamics of the {F}uruta pendulum},
    author={Cazzolato, B. S. and Prime, Z.},
    journal={Journal of Control Science and Engineering},
    year={2011},
}

@inproceedings{Quinton:2014,
    author = {Quinton, S. and Bone, T. T. and Hennig, J. and Neukirchner, M. and Negrean, M. and Ernst, R.},
    title = {Typical Worst Case Response-Time Analysis and Its Use in Automotive Network Design},
    year = {2014},
    isbn = {9781450327305},
    publisher = {ACM},
    address = {New York, NY, USA},
    booktitle = {51st Annual Design Automation Conference (DAC)},
    pages = {1--6},
    location = {San Francisco, CA, USA},
}

@INPROCEEDINGS{Xu:2015,
    author={W. {Xu} and Z. A. H. {Hammadeh} and A. {Kr{\"o}ller} and R. {Ernst} and S. {Quinton}},
    booktitle={27th Euromicro Conference on Real-Time Systems (ECRTS)}, 
    title={Improved Deadline Miss Models for Real-Time Systems Using Typical Worst-Case Analysis}, 
    year={2015},
    volume={},
    number={},
    pages={247--256},
}


@inproceedings{Akesson:2020,
    booktitle = {41st IEEE Real-Time Systems Symposium (RTSS)},
    title = {An Empirical Survey-based Study into Industry Practice in Real-time Systems},
    author = {B. Akesson and M. Nasri and G. Nelissen and S. Altmeyer and R. I. Davis},
    year = {2020},
}

@book{Astrom:1997,
    title={Computer-Controlled Systems: Theory and Design},
    author={{\AA}str{\"o}m, K. J. and Wittenmark, B.},
    isbn={9780133148992},
    lccn={96036745},
    year={1997},
    edition={3rd},
    publisher={Prentice Hall}
}

@book{Jungers2009,
    title={The Joint Spectral Radius: Theory and Applications},
    author={Jungers, R.},
    isbn={9783540959809},
    series={Lecture Notes in Control and Information Sciences},
    year={2009},
    publisher={Springer Berlin Heidelberg},
}

@book{Astrom:2012,
    author     = {K. J. {\AA}str{\"o}m
        and R. Murray},
    title      = {Feedback Systems: An Introduction for Scientists and Engineers},
    isbn       = {9780691135762},
    year       = {2012},
    publisher  = {Princeton University Press},
}

@book{Astrom:2006,
    author     = {K. J. {\AA}str{\"o}m
        and T. H{\"a}gglund},
    title      = {Advanced PID Control},
    isbn       = {1556179421},
    year       = {2006},
    publisher  = {The Instrumentation, Systems and Automation Society},
}

@article{Astrom:2004,
    author     = {K. J. {\AA}str{\"o}m 
        and T. H{\"a}gglund},
    journal    = {Journal of Process Control},
    title      = {Revisiting the {Ziegler–-Nichols} step response method for {PID} control},
    volume     = {14},
    number     = {6},
    pages      = {635--650},
    year       = {2004},
    issn       = {0959-1524},
}

@article{Soltesz:2016,
    title      = {Simultaneous design of proportional–integral–derivative controller and measurement filter by optimisation},
    author     = {K. Soltesz and 
        C. Grimholt and 
            S. Skogestad},
    year       = {2016},
    month      = {2},
    volume     = {11},
    pages      = {341--348},
    journal    = {IET Control Theory and Applications},
    issn       = {1751-8652},
    publisher  = {Institution of Engineering and Technology},
    number     = {3},
}

@article{Garpinger:2015,
    title      = {Software-based optimal {PID} design with robustness and noise sensitivity constraints},
    author     = {O. Garpinger and T. H{\"a}gglund},
    journal    = {Journal of Process Control},
    volume     = {33},
    year       = {2015},
    pages      = {90--101},
    issn       = {0959-1524},
}

@inproceedings{Cervin:2019,  
    author     = {A. {Cervin} 
        and P. {Pazzaglia} 
        and M. {Barzegaran} 
        and R. {Mahfouzi}},  
    booktitle  = {24th IEEE International Conference on Emerging Technologies and Factory Automation (ETFA)},   
    title      = {Using {JitterTime} to Analyze Transient Performance in Adaptive and Reconfigurable Control Systems},   
    year       = {2019},  
    pages      = {1025--1032}
}

@book{Golub:1989,
    author     = {G. H. Golub 
        and C. F. Van Loan}, 
    title  = {Matrix Computations}, 
    publisher  = {Johns Hopkins University Press}, 
    year       = {1989}, 
    pages      = {557--558}
}

@article{Bernat:2001,
    author     = {Bernat, G. 
        and Burns, A. 
            and Liamosi, A.},
    title      = {Weakly hard real-time systems},
    year       = {2001},
    pages      = {308--321},
    volume     = {50},
    journal    = {IEEE Transactions on Computers},
}

@INPROCEEDINGS{Bernat:1997,
    author = {G. {Bernat} 
        and A. {Burns}},
    booktitle = {18th IEEE Real-Time Systems Symposium (RTSS)}, 
    title = {Combining $\binom{n}{m}$-hard deadlines and dual priority scheduling}, 
    year = {1997},
    pages = {46--57},
}

@article{Ernst:2018,
    TITLE = {The Logical Execution Time Paradigm: New Perspectives for Multicore Systems},
    AUTHOR = {Ernst, R. and Kuntz, S. and Quinton, S. and Simons, M.},
    JOURNAL = {{Dagstuhl Reports}},
    PUBLISHER = {{Schloss Dagstuhl -- Leibniz-Zentrum f{\"{u}}r Informatik}},
    VOLUME = {8},
    PAGES = {122--149},
    YEAR = {2018},
}

@incollection{Kirsch:2012,
    author = {Kirsch, C. and Sokolova, A.},
    year = {2012},
    booktitle= {Advances in Real-Time Systems},
    pages = {103--120},
    title = {The Logical Execution Time Paradigm},
    publisher={Springer Berlin Heidelberg},
    isbn={978-3-642-24349-3},
}

@article{Desborough2001,
    title={Increasing customer value of industrial control performance monitoring-Honeywell's experience},
    author={Desborough, L.},
    journal={Preprints of CPC},
    pages={153--186},
    year={2001}
}

@InProceedings{Pazzaglia:2019,
    author ={P. Pazzaglia and C. Mandrioli and M. Maggio and A. Cervin},
    title ={{DMAC: Deadline-Miss-Aware Control}},
    booktitle ={31st Euromicro Conference on Real-Time Systems (ECRTS)},
    pages ={1:1--1:24},
    series ={Leibniz International Proceedings in Informatics (LIPIcs)},
    ISBN ={978-3-95977-110-8},
    ISSN ={1868-8969},
    year ={2019},
    volume ={133},
    publisher ={Schloss Dagstuhl -- Leibniz-Zentrum f{\"{u}}r Informatik},
}

@InProceedings{Maggio:2020,
    author ={M. Maggio and A. Hamann and E. Mayer-John and D. Ziegenbein},
    title ={Control-System Stability under Consecutive Deadline Misses Constraints},
    booktitle ={32nd Euromicro Conference on Real-Time Systems (ECRTS)},
    series ={Leibniz International Proceedings in Informatics (LIPIcs)},
    year ={2020},
    publisher ={Schloss Dagstuhl -- Leibniz-Zentrum f{\"{u}}r Informatik},
}

@article{Cervin:2005,
    title={Analysis of overrun strategies in periodic control tasks},
    author={Cervin, A.},
    journal={IFAC Proceedings Volumes},
    volume={38},
    number={1},
    pages={219--224},
    year={2005},
    publisher={Elsevier}
}

@article{Hamdaoui:1995,
    author = {M. {Hamdaoui} and P. {Ramanathan}},
    journal = {{IEEE} Transactions on Computers},
    title = {A dynamic priority assignment technique for streams with (m,k)-firm deadlines},
    year = {1995},
    volume = {44},
    number = {12},
    pages = {1443--1451},
}

@inproceedings{Soudbakhsh:2013,
    author = {Soudbakhsh, D. and Phan, L. T. X. and Sokolsky, O. and Lee, I. and Annaswamy, A.},
    title = {Co-design of Control and Platform with Dropped Signals},
    booktitle = {4th ACM/IEEE International Conference on Cyber-Physical Systems (ICCPS)},
    year = {2013},
    isbn = {978-1-4503-1996-6},
    pages = {129--140},
    publisher = {ACM},
}

@inproceedings{Bund:2014,
    author = {Bund, T. and Slomka, F.},
    title = {Controller/Platform Co-design of Networked Control Systems Based on Density Functions},
    booktitle = {4th ACM SIGBED International Workshop on Design, Modeling, and Evaluation of Cyber-Physical Systems},
    year = {2014},
    isbn = {978-1-4503-2871-5},
    pages = {11--14},
    publisher = {ACM},
}

@INPROCEEDINGS{Frehse:2014,
    author = {G. {Frehse} and A. {Hamann} and S. {Quinton} and M. {Woehrle}},
    booktitle = {35th IEEE Real-Time Systems Symposium (RTSS)},
    title = {Formal Analysis of Timing Effects on Closed-Loop Properties of Control Software},
    year = {2014},
    pages = {53--62},
}

@inproceedings{Bund:2015,
    author = {Bund, T. and Slomka, F.},
    title = {Worst-case Performance Validation of Safety-critical Control Systems with Dropped Samples},
    booktitle = {23rd International Conference on Real Time and Networks Systems (RTNS)},
    year = {2015},
    isbn = {978-1-4503-3591-1},
    location = {Lille, France},
    pages = {319--326},
    publisher = {ACM},
} 

@article{Sun:2017,
    author = {Sun, Y. and Natale, M. Di},
    title = {Weakly Hard Schedulability Analysis for Fixed Priority Scheduling of Periodic Real-Time Tasks},
    journal = {ACM Transactions on Embedded Computing Systems},
    volume = {16},
    number = {5s},
    year = {2017},
    issn = {1539-9087},
    publisher = {ACM},
}

@inproceedings{Hammadeh:2017a,
    author = {Z. A. H. Hammadeh and S. Quinton and M. Panunzio and R. Henia and L. Rioux and R. Ernst},
    title = {Budgeting Under-Specified Tasks for Weakly-Hard Real-Time Systems},
    booktitle = {29th Euromicro Conference on Real-Time Systems (ECRTS)},
    pages = {17:1--17:22},
    series = {Leibniz International Proceedings in Informatics (LIPIcs)},
    ISBN = {978-3-95977-037-8},
    ISSN = {1868-8969},
    year = {2017},
    volume = {76},
    publisher = {Schloss Dagstuhl -- Leibniz-Zentrum f{\"{u}}r Informatik},
}

@inproceedings{Hammadeh:2017b,
    author = {Z. A. H. {Hammadeh} and R. {Ernst} and S. {Quinton} and R. {Henia} and L. {Rioux}},
    booktitle = {Design, Automation {\&} Test in Europe Conference Exhibition (DATE)},
    title = {Bounding deadline misses in weakly-hard real-time systems with task dependencies},
    year = {2017},
    pages = {584--589},
}

@inproceedings{Ahrendts:2018,
    author = {L. Ahrendts and S. Quinton and T. Boroske and R. Ernst},
    title = {Verifying Weakly-Hard Real-Time Properties of Traffic Streams in Switched Networks},
    booktitle = {30th Euromicro Conference on Real-Time Systems (ECRTS)},
    pages = {15:1--15:22},
    series = {Leibniz International Proceedings in Informatics (LIPIcs)},
    ISBN = {978-3-95977-075-0},
    ISSN = {1868-8969},
    year = {2018},
    volume = {106},
    publisher = {Schloss Dagstuhl -- Leibniz-Zentrum f{\"{u}}r Informatik},
}

@ARTICLE{Soudbakhsh:2018,
    author = {D. {Soudbakhsh} and L. T. X. {Phan} and A. M. {Annaswamy} and O. {Sokolsky}},
    journal = {{IEEE} Transactions on Control of Network Systems},
    title = {Co-Design of Arbitrated Network Control Systems With Overrun Strategies},
    year = {2018},
    volume = {5},
    number = {1},
    pages = {128--141},
}

@inproceedings{Pazzaglia:2018,
    author = {P. Pazzaglia and L. Pannocchi and A. Biondi and M. Di Natale},
    title = {Beyond the Weakly Hard Model: Measuring the Performance Cost of Deadline Misses},
    booktitle = {30th Euromicro Conference on Real-Time Systems (ECRTS)},
    pages = {10:1--10:22},
    series = {Leibniz International Proceedings in Informatics (LIPIcs)},
    ISBN = {978-3-95977-075-0},
    ISSN = {1868-8969},
    year = {2018},
    volume = {106},
}

@article{Gaukler:2019a,
    title={Convergence Rate Abstractions for Weakly-Hard Real-Time Control},
    author={Gaukler, M. and Rheinfels, T. and Ulbrich, P. and Roppenecker, G.},
    journal={arXiv preprint arXiv:1912.09871},
    year={2019}
}

@inproceedings{Chakraborty:2018,
    author    = {S. Kumar Ghosh and
        S. Dey and
            D. Goswami and
            D. Mueller{-}Gritschneder and
            S. Chakraborty},
    title     = {Design and validation of fault-tolerant embedded controllers},
    booktitle = {Design, Automation {\&} Test in Europe Conference Exhibition (DATE)},
    publisher = {{IEEE}},
    year      = {2018},
}

@inproceedings{Chakraborty:2014a,
    author    = {M. Kauer and
        D. Soudbakhsh and
            D. Goswami and
            S. Chakraborty and
            A. M. Annaswamy},
    title     = {Fault-tolerant control synthesis and verification of distributed embedded systems},
    booktitle = {Design, Automation {\&} Test in Europe Conference Exhibition (DATE)},
    year      = {2014},
}

@inproceedings{Chakraborty:2014b,
    author    = {D. Goswami and
        D. Mueller{-}Gritschneder and
            T. Basten and
            U. Schlichtmann and
            S. Chakraborty},
    title     = {Fault-tolerant embedded control systems for unreliable hardware},
    booktitle = {International Symposium on Integrated Circuits (ISIC)},
    publisher = {{IEEE}},
    year      = {2014},
}

@inproceedings{Gujarati:2019,
    author    = {A. Gujarati and
        M. Nasri and
            R. Majumdar and
            B. B. Brandenburg},
    title     = {From Iteration to System Failure: Characterizing the FITness of Periodic Weakly-Hard Systems},
    booktitle = {31st Euromicro Conference on Real-Time Systems (ECRTS)},
    series    = {Leibniz International Proceedings in Informatics (LIPIcs)},
    volume    = {133},
    publisher = {Schloss Dagstuhl -- Leibniz-Zentrum f{\"{u}}r Informatik},
    year      = {2019},
}

@InProceedings{Gujarati:2018,
    author    = {A. Gujarati and M. Nasri and B. B. Brandenburg},
    title     = {Quantifying the Resiliency of Fail-Operational Real-Time Networked Control Systems},
    booktitle = {30th Euromicro Conference on Real-Time Systems (ECRTS)},
    series    = {Leibniz International Proceedings in Informatics (LIPIcs)},
    ISBN      = {978-3-95977-075-0},
    ISSN      = {1868-8969},
    year      = {2018},
    volume    = {106},
    publisher = {Schloss Dagstuhl -- Leibniz-Zentrum f{\"{u}}r Informatik},
}

@InProceedings{Caccamo:2017a,
    author    = {F. {Abdi} and 
        R. {Mancuso} and 
            R. {Tabish} and 
            M. {Caccamo}},
    booktitle = {23rd IEEE International Conference on Embedded and Real-Time Computing Systems and Applications (RTCSA)}, 
    title     = {Restart-based fault-tolerance: System design and schedulability analysis}, 
    year      = {2017},
}

@inproceedings{Caccamo:2017b,
    author      = {Abdi, F. 
        and Tabish, R. 
            and Rungger, M. 
            and Zamani, M. 
            and Caccamo, M.},
    title       = {Application and System-Level Software Fault Tolerance through Full System Restarts},
    year        = {2017},
    isbn        = {9781450349659},
    booktitle   = {8th International Conference on Cyber-Physical Systems (ICCPS)},
}

@article{Caccamo:2018,  
    author      = {F. {Abdi} 
        and C. {Chen} 
        and M. {Hasan} 
        and S. {Liu} 
        and S. {Mohan} 
        and M. {Caccamo}},  
    journal     = {IEEE Internet of Things Journal},   
    title       = {Preserving Physical Safety Under Cyber Attacks},   
    year        = {2019},  
    volume      = {6},  
    number      = {4}
}

@INPROCEEDINGS{Caccamo:1997,
    author = {M. {Caccamo} 
        and G. {Buttazzo}},
    booktitle = {18th IEEE Real-Time Systems Symposium (RTSS)}, 
    title = {Exploiting skips in periodic tasks for enhancing aperiodic responsiveness}, 
    year = {1997},
    pages = {330--339},
}

@InProceedings{Easwaran:2019,  
    author      = {J. {Boudjadar} 
        and S. {Ramanathan} 
        and A. {Easwaran} 
        and U. {Nyman}},  
    booktitle   = {2019 IEEE/ACM 23rd International Symposium on Distributed Simulation and Real Time Applications (DS-RT)},   
    title       = {Combining Task-level and System-level Scheduling Modes for Mixed Criticality Systems},   
    year        = {2019},
    pages       = {1--10}
}

@INPROCEEDINGS{Hertneck:2019,
    author={M. {Hertneck} and S. {Linsenmayer} and F. {Allgöwer}},
    booktitle={58th IEEE Conference on Decision and Control (CDC)}, 
    title={Nonlinear Dynamic Periodic Event-Triggered Control with Robustness to Packet Loss Based on Non-Monotonic Lyapunov Functions}, 
    year={2019},
    volume={},
    number={},
    pages={1680--1685},
}


@ARTICLE{Linsenmayer:2020,
    author={S. {Linsenmayer} and M. {Hertneck} and F. {Allgower}},
    journal={IEEE Transactions on Automatic Control}, 
    title={Linear Weakly Hard Real-Time Control Systems: Time- and Event-Triggered Stabilization}, 
    year={2020},
    volume={},
    number={},
}


@INPROCEEDINGS{Linsenmayer:2017,
    author={S. {Linsenmayer} and F. {Allgower}},
    booktitle={56th IEEE Conference on Decision and Control (CDC)}, 
    title={Stabilization of networked control systems with weakly hard real-time dropout description}, 
    year={2017},
    volume={},
    number={},
    pages={4765--4770},}

    @inproceedings{Easwaran:2010,
        author = {Lee, J. 
            and Shin, I. 
                and Easwaran, A.},
        title = {Online Robust Optimization Framework for QoS Guarantees in Distributed Soft Real-Time Systems},
        year = {2010},
        isbn = {9781605589046},
        publisher = {ACM},
        booktitle = {10th ACM International Conference on Embedded Software (EMSOFT)},
    }

@inproceedings{Easwaran:2018,
    author      = {S. {Andalam} 
        and D. J. X. {Ng} 
        and A. {Easwaran} 
        and K. {Thangamariappan}},  
    booktitle   = {2018 IEEE 21st International Symposium on Real-Time Distributed Computing (ISORC)},   
    title       = {CLAIR: A Contract-Based Framework for Developing Resilient CPS Architectures},   
    year        = {2018},  
    pages       = {33--41}
}

@inproceedings{Ernst:2017,
    author = {Ahrendts, L.
        and Quinton, S. 
            and Ernst, R.},
    title = {Finite Ready Queues as a Mean for Overload Reduction in Weakly-Hard Real-Time Systems},
    year = {2017},
    isbn = {9781450352864},
    publisher = {ACM},
    booktitle = {25th International Conference on Real-Time Networks and Systems (RTNS)},
}

@INPROCEEDINGS{Rowe:2013,
    author    = {D. {de Niz} 
        and L. {Wrage} 
        and A. {Rowe} 
        and R. {Rajkumar}},
    booktitle = {19th IEEE International Conference on Embedded and Real-Time Computing Systems and Applications (RTCSA)}, 
    title     = {Utility-based resource overbooking for Cyber-Physical Systems}, 
    year      = {2013},
    pages     = {217--226},
}

@inproceedings{Teich:2015,
    author = {Khosravi, F. 
        and M\"{u}ller, M. 
            and Gla\ss{}, M. 
            and Teich, J.},
    title = {Uncertainty-Aware Reliability Analysis and Optimization},
    year = {2015},
    isbn = {9783981537048},
    booktitle = {Design, Automation {\&} Test in Europe Conference {\&} Exhibition (DATE)},
    pages = {97-–102},
}

@inproceedings{Broman:2017,
    author = {Kim, H. 
        and Kang, E. 
            and Broman, D. 
            and Lee, E. A.},
    title = {An Architectural Mechanism for Resilient IoT Services},
    year = {2017},
    isbn = {9781450355452},
    publisher = {ACM},
    booktitle = {1st ACM Workshop on the Internet of Safe Things},
    pages = {8--13},
}

@INPROCEEDINGS{Buttazzo:2000a,
    author = {M. {Caccamo} 
        and G. {Buttazzo} 
        and  L. Sha},
    booktitle = {12th Euromicro Conference on Real-Time Systems (ECRTS)}, 
    title = {Elastic feedback control}, 
    year = {2000},
    pages = {121--128},
}

@INPROCEEDINGS{Buttazzo:2000b,
    author = {M. {Caccamo} 
        and G. {Buttazzo} 
        and L. Sha},
    booktitle = {21st IEEE Real-Time Systems Symposium (RTSS)}, 
    title = {Capacity sharing for overrun control}, 
    year = {2000},
    pages = {295--304},
}

@inproceedings{Phan:2015,
    title = {Fault Tolerance and the Five-Second Rule},
    author = {A. Chen 
        and Ha. Xiao 
            and A. Haeberlen 
            and L. T. X. Phan},
    booktitle = {Workshop on Hot Topics in Operating Systems (HotOS)},
    year = {2015}
}

@InProceedings{Bruggen:2018a,
    author =	{G. von der Br{\"u}ggen 
        and N. Piatkowski 
            and K.-H. Chen 
            and J.-J. Chen 
            and K. Morik},
    title =	{Efficiently Approximating the Probability of Deadline Misses in Real-Time Systems},
    booktitle =	{30th Euromicro Conference on Real-Time Systems (ECRTS)},
    series =	{Leibniz International Proceedings in Informatics (LIPIcs)},
    ISBN =	{978-3-95977-075-0},
    ISSN =	{1868-8969},
    year =	{2018},
    volume =	{106},
    publisher =	{Schloss Dagstuhl -- Leibniz-Zentrum f{\"{u}}r Informatik},
}

@INPROCEEDINGS{Bruggen:2018b,
    author = {K. {Chen} 
        and G. {Von Der Brüggen} 
        and J. {Chen}},
    booktitle = {24th International Conference on Embedded and Real-Time Computing Systems and Applications (RTCSA)}, 
    title = {Analysis of Deadline Miss Rates for Uniprocessor Fixed-Priority Scheduling}, 
    year = {2018},
    pages = {168--178},
}

@inproceedings{Vreman:2020,
    title       = {Evaluation of burst failure robustness of control systems in the fog},
    author      = {N. Vreman 
        and C. Mandrioli},
    year        = {2020},
    volume      = {80},
    series      = {OpenAccess Series in Informatics},
    publisher   = {Schloss Dagstuhl -- Leibniz-Zentrum f{\"{u}}r Informatik},
    editor      = {A. Cervin and Y. Yang},
    booktitle   = {2nd Workshop on Fog Computing and the IoT (Fog-IoT)},
}

@INPROCEEDINGS{Altmeyer:2014,
    author = {S. {Altmeyer} 
        and R. I. {Davis}},
    booktitle = {Design, Automation Test in Europe Conference Exhibition (DATE)}, 
    title = {On the correctness, Optimality and Precision of Static Probabilistic Timing Analysis}, 
    year = {2014},
    pages = {1--6},
}

@INPROCEEDINGS{Davis:2013,  
    author = {R. I. {Davis} 
        and L. {Santinelli} 
        and S. {Altmeyer} 
        and C. {Maiza} 
        and L. {Cucu-Grosjean}},  
    booktitle = {25th Euromicro Conference on Real-Time Systems (ECRTS)},   
    title = {Analysis of Probabilistic Cache Related Pre-emption Delays},   
    year = {2013},  
    pages = {168--179},
}

@inproceedings{Ernst:2014,
    author = {Hammadeh, Z. A. H. 
        and Quinton, S.
            and Ernst, R.},
    title = {Extending Typical Worst-Case Analysis Using Response-Time Dependencies to Bound Deadline Misses},
    year = {2014},
    isbn = {9781450330527},
    publisher = {ACM},
    booktitle = {14th International Conference on Embedded Software (EMSOFT)},
}

@INPROCEEDINGS{Choi:2019,
    author = {H. {Choi} 
        and H. {Kim} 
        and Q. {Zhu}},
    booktitle = {Real-Time and Embedded Technology and Applications Symposium (RTAS)}, 
    title = {Job-Class-Level Fixed Priority Scheduling of Weakly-Hard Real-Time Systems}, 
    year = {2019},
    pages = {241--253},
}

@article{Hammadeh:2019,
    author = {Hammadeh, Z. A. H. 
        and Quinton, S. 
            and Ernst, R.},
    title = {Weakly-Hard Real-Time Guarantees for Earliest Deadline First Scheduling of Independent Tasks},
    year = {2019},
    publisher = {ACM},
    volume = {18},
    number = {6},
    issn = {1539-9087},
    journal = {ACM Transactions of Embedded Computing Systems},
}

@INPROCEEDINGS{Broman:2019,
    author = {S. {Natarajan} 
        and M. {Nasri} 
        and D. {Broman} 
        and B. B. {Brandenburg} 
        and G. {Nelissen}},
    booktitle = {40th IEEE Real-Time Systems Symposium (RTSS)}, 
    title = {From Code to Weakly Hard Constraints: A Pragmatic End-to-End Toolchain for Timed {C}}, 
    year = {2019},
    pages = {167--180},}

    @book{montgomery2009introduction,
        title={Introduction to Statistical Quality Control},
        author={Montgomery, D.C.},
        isbn={9780470233979},
        lccn={84022019},
        year={2009},
        publisher={Wiley}
    }

@book{reliabook,
    author = {O’Connor, P. P. and Kleyner, A.},
    title = {Practical Reliability Engineering},
    year = {2012},
    isbn = {047097981X},
    publisher = {Wiley Publishing},
    edition = {5th}
}

@ARTICLE{Teich:2017,
    author = {F. {Khosravi} 
        and M. {Glaß} 
        and J. {Teich}},
    journal = {IEEE Transactions on Reliability}, 
    title = {Automatic Reliability Analysis in the Presence of Probabilistic Common Cause Failures}, 
    year = {2017},
    volume = {66},
    number = {2},
}

@ARTICLE{schenato09,
    author={L. {Schenato}},
    journal={IEEE Transactions on Automatic Control},
    title={To Zero or to Hold Control Inputs With Lossy Links?},
    year={2009},
    volume={54},
    number={5},
    pages={1093--1099},
}

@inproceedings{Jungers:2014,
    author = {Vankeerberghen, G. and Hendrickx, J. and Jungers, R. M.},
    title = {{JSR}: A Toolbox to Compute the Joint Spectral Radius},
    year = {2014},
    isbn = {9781450327329},
    publisher = {ACM},
    booktitle = {17th International Conference on Hybrid Systems: Computation and Control (HSCC)},
    pages = {151-–156},
    numpages = {6},
    location = {Berlin, Germany},
}

@misc{Vreman:2021,
    title={Stability of Control Systems under Extended Weakly-Hard Constraints}, 
    author={N. Vreman and P. Pazzaglia and J. Wang and V. Magron and M. Maggio},
    year={2021},
    eprint={2101.11312},
    archivePrefix={arXiv},
    primaryClass={math.OC}
}

@article{Furuta:1992,
    title={Swing-up control of inverted pendulum using pseudo-state feedback},
    author={Furuta, K. and Yamakita, M. and Kobayashi, S},
    journal={Proceedings of the Institution of Mechanical Engineers, Part I: Journal of Systems and Control Engineering},
    volume={206},
    number={4},
    pages={263--269},
    year={1992}
}

@INPROCEEDINGS{Koren:1995,
    author={G. {Koren} and D. {Shasha}},
    booktitle={16th IEEE Real-Time Systems Symposium (RTSS)},
    title={{Skip-Over}: algorithms and complexity for overloaded systems that allow skips},
    year={1995},
    pages={110--117}, 
}

@INPROCEEDINGS{Palopoli:2000,
    author={Palopoli, L. and Abeni, L. and Buttazzo, G. and Conticelli, F. and Di Natale, M.},
    booktitle={21st IEEE Real-Time Systems Symposium (RTSS)}, 
    title={Real-time control system analysis: an integrated approach}, 
    year={2000},
    pages={131--140},
}

@ARTICLE{Buttazzo:2007,
    author={Buttazzo, G. and Velasco, M. and Marti, P.},
    journal={IEEE Transactions on Computers}, 
    title={Quality-of-Control Management in Overloaded Real-Time Systems}, 
    year={2007},
    volume={56},
    number={2},
    pages={253--266},
}

@INPROCEEDINGS{Ramanathan:1997,
    author={P. {Ramanathan}},
    booktitle={27th IEEE International Symposium on Fault Tolerant Computing},
    title={Graceful degradation in real-time control applications using (m,k)-firm guarantee},
    year={1997},
    pages={132--141},
}


