%%%%%%%%%%%%%%%%%%%%%%%%%%%
%%% Weakly-hard systems %%%
%%%%%%%%%%%%%%%%%%%%%%%%%%%

@inproceedings{Hammadeh:2017a,
    author      = {Z. A. H. Hammadeh and S. Quinton and M. Panunzio and R. Henia and L. Rioux and R. Ernst},
    title       = {Budgeting Under-Specified Tasks for Weakly-Hard Real-Time Systems},
    booktitle   = {29th Euromicro Conference on Real-Time Systems (ECRTS)},
    pages       = {17:1--17:22},
    series      = {Leibniz International Proceedings in Informatics (LIPIcs)},
    ISBN        = {978-3-95977-037-8},
    ISSN        = {1868-8969},
    year        = {2017},
    volume      = {76},
    publisher   = {Schloss Dagstuhl -- Leibniz-Zentrum f{\"{u}}r Informatik},
}

@inproceedings{Hammadeh:2017b,
    author      = {Z. A. H. {Hammadeh} and R. {Ernst} and S. {Quinton} and R. {Henia} and L. {Rioux}},
    booktitle   = {Design, Automation {\&} Test in Europe Conference Exhibition (DATE)},
    title       = {Bounding deadline misses in weakly-hard real-time systems with task dependencies},
    year        = {2017},
    pages       = {584--589},
}

@inproceedings{Vreman:2021,
    author    = {Nils Vreman and Anton Cervin and Martina Maggio},
    title     = {{Stability and Performance Analysis of Control Systems Subject to Bursts of Deadline Misses}},
    booktitle = {33rd Euromicro Conference on Real-Time Systems (ECRTS 2021)},
    series    = {Leibniz International Proceedings in Informatics (LIPIcs)},
    year      = {2021},
    volume    = {196},
    editor    = {Brandenburg, Bj\"{o}rn B.},
    publisher = {Schloss Dagstuhl -- Leibniz-Zentrum f{\"u}r Informatik},
    address   = {Dagstuhl, Germany},
    doi       = {10.4230/LIPIcs.ECRTS.2021.15},
}

@inproceedings{Akesson:2020,  
    author      = {Benny {Akesson} 
                    and Mitra {Nasri} 
                    and Geoffrey {Nelissen} 
                    and Sebastian {Altmeyer} 
                    and Robert {Davis}},  
    booktitle   = {2020 IEEE Real-Time Systems Symposium (RTSS)},   
    title       = {An Empirical Survey-based Study into Industry Practice in Real-time Systems},   
    year        = {2020},  
    pages       = {3-11},  
    doi         = {10.1109/RTSS49844.2020.00012}
}

@article{Bernat:2001,
    author     = {Guillem Bernat
                    and Alan Burns
                    and A. Liamosi},
    title      = {Weakly hard real-time systems},
    year       = {2001},
    pages      = {308 - 321},
    volume     = {50},
    journal    = {IEEE Transactions on Computers},
    doi        = {10.1109/12.919277}
}

@inproceedings{Wu:2020,
    author      = {Wu, Shih-Lun
                    and Bai, Ching-Yuan
                    and Chang, Kai-Chieh
                    and Hsieh, Yi-Ting
                    and Huang, Chao
                    and Lin, Chung-Wei
                    and Kang, Eunsuk
                    and Zhu, Qi},
    editor      = {Deshmukh, Jyotirmoy
                    and Ni{\v{c}}kovi{\'{c}}, Dejan},
    title       = {Efficient System Verification with Multiple Weakly-Hard Constraints for Runtime Monitoring},
    booktitle   = {Runtime Verification},
    year        = {2020},
    publisher   = {Springer International Publishing},
    address     = {Cham},
    pages       = {497--516},
    isbn        = {978-3-030-60508-7}
}

@phdthesis{Bernat:1998,
    author      = {Bernat, Guillem},
    title       = {Specification and analysis of weakly hard real-time systems},
    school      = {Department de les Ci{\'e}ncies Matem{\'a}tiques i Inform{\'a}tica, Universitat de les Illes Balears},
    year        = {1998},
    address     = {Spain}
}

@article{Hamdaoui:1995,
    author      = {M. {Hamdaoui} and P. {Ramanathan}},
    journal     = {{IEEE} Transactions on Computers},
    title       = {A dynamic priority assignment technique for streams with (m, k)-firm deadlines},
    year        = {1995},
    volume      = {44},
    number      = {12},
    pages       = {1443--1451},
    doi         = {10.1109/12.477249},
    month       = {December},
}

@article{Hamdaoui:1997,
    author      = {Hamdaoui, M. and Ramanathan, P.},
    journal     = {IEEE Transactions on Computers},
    title       = {Evaluating dynamic failure probability for streams with (m, k)-firm deadlines},
    year        = {1997},
    volume      = {46},
    number      = {12},
    pages       = {1325-1337},
    doi         = {10.1109/12.641933}
}

@inproceedings{Hammadeh:2017,  
    author      = {Hammadeh, Z.A.H. and Ernst, R. and Quinton, S. and Henia, R. and Rioux, L.},  
    booktitle   = {Design, Automation Test in Europe Conference Exhibition (DATE), 2017},   
    title       = {Bounding deadline misses in weakly-hard real-time systems with task dependencies},   
    year        = {2017},  
    pages       = {584-589},  
    doi         = {10.23919/DATE.2017.7927054}
}

@inproceedings{Hammadeh:2014,
    author      = {Hammadeh, Z.A.H. and Quinton, S. and Ernst, R},
    title       = {Extending Typical Worst-Case Analysis Using Response-Time Dependencies to Bound Deadline Misses},
    year        = {2014},
    isbn        = {9781450330527},
    publisher   = {Association for Computing Machinery},
    address     = {New York, NY, USA},
    doi         = {10.1145/2656045.2656059},
    booktitle   = {Proceedings of the 14th International Conference on Embedded Software},
    location    = {New Delhi, India},
    series      = {EMSOFT '14}
}

@inproceedings{Bernat:1997,  
    author      = {Bernat, G. and Burns, A.},  
    booktitle   = {Proceedings Real-Time Systems Symposium},   
    title       = {Combining $\binom{n}{m}$-hard deadlines and dual priority scheduling},   
    year        = {1997},  
    pages       = {46-57},  
    doi         = {10.1109/REAL.1997.641268}
}

@inproceedings{Hammadeh:2018,  
    author      = {Hammadeh, Z.A.H. and Ernst, R},  
    booktitle   = {2018 IEEE 23rd International Conference on Emerging Technologies and Factory Automation (ETFA)},   
    title       = {Weakly-Hard Real-Time Guarantees for Weighted Round-Robin Scheduling of Real-Time Messages},   
    year        = {2018},  
    volume      = {1},  
    pages       = {384-391},  
    doi         = {10.1109/ETFA.2018.8502621}
}

@inproceedings{Xu:2015,
    author      = {W. {Xu} and Z.A.H. {Hammadeh} and A. {Kr{\"o}ller} and R. {Ernst} and S. {Quinton}},
    booktitle   = {27th Euromicro Conference on Real-Time Systems},
    title       = {Improved Deadline Miss Models for Real-Time Systems Using Typical Worst-Case Analysis},
    year        = {2015},
    pages       = {247--256},
    doi         = {10.1109/ECRTS.2015.29}
}

@inproceedings{Ahrendts:2018,
    author      = {Ahrendts, L. and Quinton, S. and Boroske, T. and Ernst, R.},
    booktitle   = {30th Euromicro Conference on Real-Time Systems (ECRTS 2018)},
    title       = {Verifying Weakly-Hard Real-Time Properties of Traffic Streams in Switches Networks},
    year        = {2018},
    volume      = {106},
    editor      = {Sebastian Altmeyer},
    pages       = {15:1--15:22},
    doi         = {10.4230/LIPIcs.ECRTS.2018.15}
}

@inproceedings{Huang:2019a,
    author      = {Huang, C. and Wardega, K. and Li, W. and Zhu, Q.},
    title       = {Exploring Weakly-Hard Paradigm for Networked Systems},
    year        = {2019},
    isbn        = {9781450366991},
    publisher   = {Association for Computing Machinery},
    address     = {New York, NY, USA},
    doi         = {10.1145/3313151.3313165},
    booktitle   = {Proceedings of the Workshop on Design Automation for CPS and IoT},
    pages       = {51–59},
    series      = {DESTION '19}
}

@inproceedings{Huang:2019b,
    author      = {Huang, C. and Li, W. and Zhu, Q.},
    title       = {Formal Verification of Weakly-Hard Systems},
    year        = {2019},
    isbn        = {9781450362825},
    publisher   = {Association for Computing Machinery},
    address     = {New York, NY, USA},
    doi         = {10.1145/3302504.3311811},
    booktitle   = {Proceedings of the 22nd ACM International Conference on Hybrid Systems: Computation and Control},
    pages       = {197–207},
    location    = {Montreal, Quebec, Canada},
    series      = {HSCC '19}
}

@inproceedings{Wardega:2020,
    author      = {Wardega, K. and Li, W.},
    booktitle   = {2020 Design, Automation Test in Europe Conference Exhibition (DATE)},
    title       = {Application-Aware Scheduling of Networked Applications over the Low-Power Wireless Bus},
    year        = {2020},
    pages       = {222-227},
    doi         = {10.23919/DATE48585.2020.9116206}
}

@article{Liu:1973,
    author      = {Liu, C.L. and Layland, J.W.},
    title       = {Scheduling Algorithms for Multiprogramming in a Hard-Real-Time Environment},
    year        = {1973},
    publisher   = {Association for Computing Machinery},
    address     = {New York, NY, USA},
    volume      = {20},
    number      = {1},
    issn        = {0004-5411},
    doi         = {10.1145/321738.321743},
    journal     = {Journal of the ACM},
    pages       = {46–61},
}

@inproceedings{Baruah:2010,  
    author      = {Baruah, S.},  
    booktitle   = {2010 31st IEEE Real-Time Systems Symposium},   
    title       = {The Non-cyclic Recurring Real-Time Task Model},   
    year        = {2010},  
    pages       = {173-182},  
    doi         = {10.1109/RTSS.2010.19}
}

@inproceedings{Stigge:2011,  
    author      = {Stigge, M. and Ekberg, P. and Guan, N. and Yi, W.},  
    booktitle   = {2011 17th IEEE Real-Time and Embedded Technology and Applications Symposium},   
    title       = {The Digraph Real-Time Task Model},   
    year        = {2011},  
    pages       = {71-80},  
    doi         = {10.1109/RTAS.2011.15}
}

@inproceedings{Zhang:2004,
    author      = {Yuting Zhang and Richard West and Qi Xin},
    booktitle   = {25th IEEE International Real-Time Systems Symposium},
    title       = {A virtual deadline scheduler for window-constrained service guarantees},
    year        = {2004},
    pages       = {151-160},
    doi         = {10.1109/REAL.2004.10}
}

@inproceedings{Wang:2002,
    author      = {Zhi Wang and Ye-Qiong Song and Ji-Ming Chen and You-Xian Sun},
    booktitle   = {Proceedings of the 4th World Congress on Intelligent Control and Automation (Cat. No.02EX527)},
    title       = {Real time characteristics of Ethernet and its improvement},
    year        = {2002},
    volume      = {2},
    pages       = {1311-1318 vol.2},
    doi         = {10.1109/WCICA.2002.1020794}
}

@inproceedings{Tu:2007,
    author      = {Tu, Gang and Li, Jun-lin and Yang, Fu-min and Luo, Wei},
    booktitle   = {13th IEEE International Conference on Embedded and Real-Time Computing Systems and Applications (RTCSA 2007)},
    title       = {Relationships between Window-based Real-time Constraints},
    year        = {2007},
    pages       = {394-399},
    doi         = {10.1109/RTCSA.2007.62}
}

@inproceedings{Dhruva:2014,
    author      = {Dhruva, N. and Kumar, P. and Giannopoulou, G. and Thiele, L.},
    booktitle   = {2014 Design, Automation   Test in Europe Conference   Exhibition (DATE)},
    title       = {Computing a language-based guarantee for timing properties of cyber-physical systems},
    year        = {2014},
    pages       = {1-6},
    doi         = {10.7873/DATE.2014.200}
}

@article{Behrouzian:2020,
    author = {Behrouzian, Amir and Ara, H.A. and Geilen, Marc and Goswami, Dip and Basten, Twan},
    title = {Firmness Analysis of Real-Time Tasks},
    year = {2020},
    publisher = {Association for Computing Machinery},
    address = {New York, NY, USA},
    volume = {19}, number = {4},
    issn = {1539-9087},
    url = {https://doi.org/10.1145/3398328},
    doi = {10.1145/3398328},
    journal = {ACM Trans. Embed. Comput. Syst.},
    month = jul,
}

%%%%%%%%%%%%%%%
%%% Control %%%
%%%%%%%%%%%%%%%

@article{Ramanathan:1999,  
    author      = {Ramanathan, P.},  
    journal     = {IEEE Transactions on Parallel and Distributed Systems},   
    title       = {Overload management in real-time control applications using (m, k)-firm guarantee},   
    year        = {1999},  
    volume      = {10},  
    number      = {6},  
    pages       = {549-559},  
    doi         = {10.1109/71.774906}
}

@inproceedings{Pazzaglia:2021,
    author      = {Pazzaglia, Paolo 
                    and Hamann, Arne 
                    and Ziegenbein, Dirk 
                    and Maggio, Martina},
    year        = {2021},
    booktitle   = {Design, Automation \& Test in Europe Conference Exhibition (DATE)},
    title       = {Adaptive Design of Real-Time Control Systems subject to Sporadic Overruns}
}

@inproceedings{Pazzaglia:2018,
    author      = {Paolo Pazzaglia 
                    and Luigi Pannocchi 
                    and Alessandro Biondi 
                    and Marco {Di Natale}},
    title       = {{Beyond the Weakly Hard Model: Measuring the Performance Cost of Deadline Misses}},
    booktitle   = {30th Euromicro Conference on Real-Time Systems (ECRTS 2018)},
    pages       = {10:1--10:22},
    series      = {Leibniz International Proceedings in Informatics (LIPIcs)},
    ISBN        = {978-3-95977-075-0},
    ISSN        = {1868-8969},
    year        = {2018},
    volume      = {106},
    editor      = {Sebastian Altmeyer},
    publisher   = {Schloss Dagstuhl--Leibniz-Zentrum fuer Informatik},
    address     = {Dagstuhl, Germany},
    URL         = {http://drops.dagstuhl.de/opus/volltexte/2018/8993},
    doi         = {10.4230/LIPIcs.ECRTS.2018.10},
}

@inproceedings{Maggio:2020,
    author      = {Martina Maggio
                    and Arne Hamann
                    and Eckart Mayer-John
                    and Dirk Ziegenbein},
    title       = {Control-System Stability Under Consecutive Deadline Misses Constraints},
    booktitle   = {32nd Euromicro Conference on Real-Time Systems (ECRTS 2020)},
    pages       = {21:1--21:24},
    series      = {Leibniz International Proceedings in Informatics (LIPIcs)},
    ISBN        = {978-3-95977-152-8},
    ISSN        = {1868-8969},
    year        = {2020},
    volume      = {165},
    editor      = {Marcus V{\"o}lp},
    publisher   = {Schloss Dagstuhl--Leibniz-Zentrum f{\"u}r Informatik},
    doi         = {10.4230/LIPIcs.ECRTS.2020.21},
}

@article{Linsenmayer:2021,  
    author      = {Linsenmayer, Steffen 
                    and Hertneck, Michael 
                    and Allg{\"o}wer, Frank},  
    journal     = {IEEE Transactions on Automatic Control},   
    title       = {Linear Weakly Hard Real-Time Control Systems: Time- and Event-Triggered Stabilization},   
    year        = {2021},  
    volume      = {66},  
    number      = {4},  
    pages       = {1932-1939},  
    doi         = {10.1109/TAC.2020.3000981}
}

@inproceedings{Linsenmayer:2017,  
    author      = {Linsenmayer, Steffen 
                    and Allg{\"o}wer, Frank},  
    booktitle   = {2017 IEEE 56th Annual Conference on Decision and Control (CDC)},   
    title       = {Stabilization of networked control systems with weakly hard real-time dropout description},   
    year        = {2017},  
    pages       = {4765-4770},  
    doi         = {10.1109/CDC.2017.8264364}
}

@inproceedings{Horssen:2016,  
    author      = {van Horssen, E.P. 
                    and Behrouzian, A.R.B. 
                    and Goswami, D. 
                    and Antunes, D. 
                    and Basten, T. 
                    and Heemels, W.P.M.H.},  
    booktitle   = {2016 European Control Conference (ECC)},   
    title       = {Performance analysis and controller improvement for linear systems with (m, k)-firm data losses},   
    year        = {2016},  
    pages       = {2571-2577},  
    doi         = {10.1109/ECC.2016.7810677}
}

@inproceedings{Flavia:2008,  
    author      = {Flavia, F. and Jia, N. and Simonot-Lion, F. and Song, Y.},  
    booktitle   = {2008 IEEE International Conference on Emerging Technologies and Factory Automation},   
    title       = {Optimal on-line (m, k)-firm constraint assignment for real-time control tasks based on plant state information},   
    year        = {2008},  
    pages       = {908-915},  
    doi         = {10.1109/ETFA.2008.4638504}
}

%%%%%%%%%%%%%%%%
%%% Automata %%%
%%%%%%%%%%%%%%%%

@book{Hopcroft:2006,
    author      = {Hopcroft, J.E. 
                    and Motwani, R. 
                    and Ullman, J.D.},
    title       = {Introduction to Automata Theory, Languages, and Computation (3rd Edition)},
    year        = {2006},
    isbn        = {0321455363},
    publisher   = {Addison-Wesley Longman Publishing Co., Inc.},
    address     = {USA}
}

@article{Stigge:2015,
    author      = {Stigge, M. and Yi, W.},
    title       = {Graph-based models for real-time workload: a survey.},
    journal     = {Real-Time Systems},
    volume      = {51}, 
    pages       = {602–636}, 
    year        = {2015},
    doi         = {10.1007/s11241-015-9234-z}
}

@inproceedings{Alur:1992,
    author      = {Alur, R. and Dill, D.},
    editor      = {de Bakker, J. W.  and Huizing, C.  and de Roever, W. P.  and Rozenberg, G.},
    title       = {The theory of timed automata},
    booktitle   = {Real-Time: Theory in Practice},
    year        = {1992},
    publisher   = {Springer Berlin Heidelberg},
    address     = {Berlin, Heidelberg},
    pages       = {45--73},
    isbn        = {978-3-540-47218-6}
}

@inproceedings{Fersman:2002,
    author      = {Fersman, E. and Pettersson, P. and Yi, W.},
    editor      = {Katoen, J.-P. and Stevens, P.},
    title       = {Timed Automata with Asynchronous Processes: Schedulability and Decidability},
    booktitle   = {Tools and Algorithms for the Construction and Analysis of Systems},
    year        = {2002},
    publisher   = {Springer Berlin Heidelberg},
    address     = {Berlin, Heidelberg},
    pages       = {67--82},
    isbn        = {978-3-540-46002-2}
}

@article{Fersman:2007,
    author      = {Fersman, Elena and Krcal, Pavel and Pettersson, Paul and Yi, Wang},
    title       = {Task Automata: Schedulability, Decidability and Undecidability},
    year        = {2007},
    issue_date  = {August, 2007},
    publisher   = {Academic Press, Inc.},
    address     = {USA},
    volume      = {205},
    number      = {8},
    issn        = {0890-5401},
    doi         = {10.1016/j.ic.2007.01.009},
    journal     = {Information and Computing},
    pages       = {1149–1172},
    numpages    = {24},
}

%%%%%%%%%%%%%
%%% Other %%%
%%%%%%%%%%%%%

@article{Julia:2017,
    title       = {Julia: A fresh approach to numerical computing},
    author      = {Bezanson, Jeff 
                    and Edelman, Alan 
                    and Karpinski, Stefan 
                    and Shah, V.B.},
    journal     = {SIAM review},
    volume      = {59},
    number      = {1},
    pages       = {65--98},
    year        = {2017},
    publisher   = {SIAM},
    url         = {https://doi.org/10.1137/141000671}
}

@inproceedings{Wei:2007,
    author      = {Wei, D.X. and Cao, P. and Low, S.H.},
    booktitle   = {2007 IEEE International Parallel and Distributed Processing Symposium},
    title       = {Packet Loss Burstiness: Measurements and Implications for Distributed Applications},
    year        = {2007},
    pages       = {1-8},
    doi         = {10.1109/IPDPS.2007.370412}
}

@book{Buttazzo:2005,
    title       = {Soft Real-Time Systems},
    author      = {Giorgio Buttazzo and Giuseppe Lipari and Luca Abeni and Marco Caccamo},
    year        = {2005},
    publisher   = {Springer}
}

@article{Manolache:2004,
    author = {Manolache, Sorin and Eles, Petru and Peng, Zebo},
    title = {Schedulability Analysis of Applications with Stochastic Task Execution Times},
    year = {2004},
    publisher = {Association for Computing Machinery},
    address = {New York, NY, USA},
    volume = {3},
    number = {4},
    issn = {1539-9087},
    doi = {10.1145/1027794.1027797},
    journal = {ACM Trans. Embed. Comput. Syst.},
    month = nov, pages = {706–735},
}

@InProceedings{vonDerBruggen:2018,
  author =	{Georg von der Br{\"u}ggen and Nico Piatkowski and Kuan-Hsun Chen and Jian-Jia Chen and Katharina Morik},
  title =	{Efficiently Approximating the Probability of Deadline Misses in Real-Time Systems},
  booktitle =	{30th Euromicro Conference on Real-Time Systems (ECRTS 2018)},
  pages =	{6:1--6:22},
  series =	{Leibniz International Proceedings in Informatics (LIPIcs)},
  ISBN =	{978-3-95977-075-0},
  ISSN =	{1868-8969},
  year =	{2018},
  volume =	{106},
  editor =	{Sebastian Altmeyer},
  publisher =	{Schloss Dagstuhl--Leibniz-Zentrum fuer Informatik},
  address =	{Dagstuhl, Germany},
  URL =		{http://drops.dagstuhl.de/opus/volltexte/2018/8997},
  URN =		{urn:nbn:de:0030-drops-89978},
  doi =		{10.4230/LIPIcs.ECRTS.2018.6},
}

@INPROCEEDINGS{Koren:1995,
  author={Koren, G. and Shasha, D.},
  booktitle={Proceedings 16th IEEE Real-Time Systems Symposium}, 
  title={Skip-Over: algorithms and complexity for overloaded systems that allow skips}, 
  year={1995},
  volume={},
  number={},
  pages={110-117},
  doi={10.1109/REAL.1995.495201}
}

@article{Pazzaglia:2021b,
  author    = {Paolo Pazzaglia and
               Youcheng Sun and
               Marco {Di Natale}},
  title     = {Generalized Weakly Hard Schedulability Analysis for Real-Time Periodic Tasks},
  journal   = {{ACM} Trans. Embed. Comput. Syst.},
  volume    = {20},
  number    = {1},
  pages     = {3:1--3:26},
  year      = {2021},
  url       = {https://doi.org/10.1145/3404888},
  doi       = {10.1145/3404888},
}

@article{Sun:2017,
  author    = {Youcheng Sun and
               Marco {Di Natale}},
  title     = {Weakly Hard Schedulability Analysis for Fixed Priority Scheduling
               of Periodic Real-Time Tasks},
  journal   = {{ACM} Trans. Embed. Comput. Syst.},
  volume    = {16},
  number    = {5s},
  pages     = {171:1--171:19},
  year      = {2017},
  url       = {https://doi.org/10.1145/3126497},
  doi       = {10.1145/3126497},
  timestamp = {Tue, 08 Sep 2020 13:28:57 +0200},
  biburl    = {https://dblp.org/rec/journals/tecs/SunN17.bib},
  bibsource = {dblp computer science bibliography, https://dblp.org}
}

@article{Burns:2013,
    title = {Mixed criticality systems -- a review},
    author = {Burns, Alan and Davis, Robert},
    journal = {Department of Computer Science, University of York, Tech. Rep},
    pages = {1--69},
    year = {2013}
}

@InProceedings{Casini:2019,
    author = {Daniel Casini and Tobias Bla{\ss} and Ingo L{\"u}tkebohle and Bj{\"o}rn Brandenburg},
    title = {Response-Time Analysis of {ROS2} Processing Chains Under Reservation-Based Scheduling},
    booktitle = {31st Euromicro Conference on Real-Time Systems (ECRTS 2019)},
    pages = {6:1--6:23},
    ISBN = {978-3-95977-110-8},
    ISSN = {1868-8969},
    year = {2019},
    volume = {133},
    URL = {http://drops.dagstuhl.de/opus/volltexte/2019/10743},
    doi = {10.4230/LIPIcs.ECRTS.2019.6},
}

@inproceedings{Osch:2001,
  author    = {van Osch, M. and Smolka, S.A.},
  booktitle = {Proceedings Sixth IEEE International Symposium on High Assurance Systems Engineering. Special Topic: Impact of Networking},
  title     = {Finite-state analysis of the CAN bus protocol},
  year      = {2001},
  pages     = {42-52},
  doi       = {10.1109/HASE.2001.966806}
}

@inproceedings{Zeng:2012,
  author    = {Zeng, Haibo and Di Natale, Marco},
  booktitle = {24th Euromicro Conference on Real-Time Systems (ECRTS)},
  title     = {Schedulability Analysis of Periodic Tasks Implementing Synchronous Finite State Machines},
  year      = {2012},
  pages     = {353-362},
  doi       = {10.1109/ECRTS.2012.30}
}

@INPROCEEDINGS{Bozhko:2021,
  author    = {Bozhko, Sergey and von der Brüggen, Georg and Brandenburg, Björn B.},
  booktitle = {IEEE Real-Time Systems Symposium (RTSS)}, 
  title     = {Monte Carlo Response-Time Analysis}, 
  year      = {2021},
  pages     = {342-355},
  doi       = {10.1109/RTSS52674.2021.00039}
}

@INPROCEEDINGS{vonderBrueggen:2021,
  author    = {von der Brüggen, Georg and Piatkowski, Nico and Chen, Kuan-Hsun and Chen, Jian-Jia and Morik, Katharina and Brandenburg, Björn B.},
  booktitle = {IEEE Real-Time Systems Symposium (RTSS)}, 
  title     = {Efficiently Approximating the Worst-Case Deadline Failure Probability under EDF}, 
  year      = {2021},
  pages     = {214-226},
  doi       = {10.1109/RTSS52674.2021.00029}
}
