@article{Stankovic:1995,
	doi = {10.1109/2.386982},
	year = 1995,
	month = jun,
	publisher = {Institute of Electrical and Electronics Engineers ({IEEE})},
	volume = {28},
	number = {6},
	pages = {16--25},
	author = {J.A. Stankovic and M. Spuri and M. Di Natale and G.C. Buttazzo},
	title = {Implications of classical scheduling results for real-time systems},
	journal = {Computer}
}

@article{Baruah:1997,
    author = {S. K. {Baruah} and J. R. {Haritsa}},
    journal = {IEEE Transactions on Computers},
    title = {Scheduling for overload in real-time systems},
    year = {1997},
    volume = {46},
    number = {9},
    pages = {1034-1039},
    doi = {10.1109/12.620484}
}

@article{Milligan:1996,
    title = {The use of cache memory in real-time systems},
    journal = {Control Engineering Practice},
    volume = {4},
    number = {10},
    pages = {1435-1442},
    year = {1996},
    issn = {0967-0661},
    doi = {https://doi.org/10.1016/0967-0661(96)00154-2},
    author = {M.K.J. Milligan and H.G. Cragon},
}

@article{Wang:2012,
    author = {Wang, Weixun and Mishra, Prabhat and Gordon-Ross, Ann},
    title = {Dynamic Cache Reconfiguration for Soft Real-Time Systems},
    year = {2012},
    volume = {11},
    number = {2},
    issn = {1539-9087},
    doi = {10.1145/2220336.2220340},
    journal = {ACM Trans. Embed. Comput. Syst.},
    month = jul,
    articleno = {28},
    numpages = {31},
}

@INPROCEEDINGS{Xu:2015,
  author={W. {Xu} and Z. A. H. {Hammadeh} and A. {Kr{\"o}ller} and R. {Ernst} and S. {Quinton}},
  booktitle={27th Euromicro Conference on Real-Time Systems (ECRTS)},
  title={Improved Deadline Miss Models for Real-Time Systems Using Typical Worst-Case Analysis},
  year={2015},
  volume={},
  number={},
  pages={247--256},
}

@inproceedings{Ernst:2014,
    author = {Hammadeh, Z. A. H.
              and Quinton, S.
              and Ernst, R.},
    title = {Extending Typical Worst-Case Analysis Using Response-Time Dependencies to Bound Deadline Misses},
    year = {2014},
    isbn = {9781450330527},
    publisher = {ACM},
    booktitle = {14th International Conference on Embedded Software (EMSOFT)},
}

@INPROCEEDINGS{Altmeyer:2014,
  author = {S. {Altmeyer}
            and R. I. {Davis}},
  booktitle = {Design, Automation Test in Europe Conference Exhibition (DATE)},
  title = {On the correctness, Optimality and Precision of Static Probabilistic Timing Analysis},
  year = {2014},
  pages = {1--6},
}

@INPROCEEDINGS{Davis:2013,
    author = {R. I. {Davis}
              and L. {Santinelli}
              and S. {Altmeyer}
              and C. {Maiza}
              and L. {Cucu-Grosjean}},
    booktitle = {25th Euromicro Conference on Real-Time Systems (ECRTS)},
    title = {Analysis of Probabilistic Cache Related Pre-emption Delays},
    year = {2013},
    pages = {168--179},
}

@ARTICLE{Bernat:2001,
    author = {Bernat, G. and Burns, A. and Liamosi, A.},
    journal = {IEEE Transactions on Computers},
    title = {Weakly hard real-time systems},
    year = {2001},
    volume = {50},
    number = {4},
    pages = {308-321},
    doi = {10.1109/12.919277}
}

@article{Knorn:2019,
 author = {Steffi Knorn and Andr{\'{e}} Teixeira},
 title = {Effects of Jamming Attacks on a Control System With Energy Harvesting},
 journal = {{IEEE} Control Systems Letters},
 volume = {3},
 number = {4},
 pages = {829--834},
 year = {2019},
}

@inproceedings{hashemi2018comparison,
 author = {Hashemi, Navid and Murguia, Carlos and Ruths, Justin},
 booktitle = {American Control Conference (ACC)},
 title = {A Comparison of Stealthy Sensor Attacks on Control Systems},
 year = {2018},
 pages = {973--979},
}

@inproceedings{sabaliauskaite2017comparison,
 title = {Comparison of corrupted sensor data detection methods in detecting stealthy attacks on cyber-physical systems},
 author = {Sabaliauskaite, Giedre and Ng, Geok See and Ruths, Justin and Mathur, Aditya},
 booktitle = {{IEEE} Pacific Rim International Symposium on Dependable Computing (PRDC)},
 pages = {235--244},
 year = {2017},
}

@article{Akesson:2020,
    author      = {Akesson, B. and Nasri, M. and Nelissen, G. and Altmeyer, S. and Davis, R. I.},
    title       = {An Empirical Survey-based Study into Industry Practice in Real-time Systems},
    year        = {2020},
    journal     = {RTSS},
}

@ARTICLE{Schenato:2009,
    author = {Schenato, Luca},
    journal = {IEEE Transactions on Automatic Control},
    title = {To Zero or to Hold Control Inputs With Lossy Links?},
    year = {2009},
    volume = {54},
    number = {5},
    pages = {1093-1099},
    doi = {10.1109/TAC.2008.2010999}
}

@inproceedings{Cervin:2005,
 title = {Analysis of Overrun Strategies in Periodic Control Tasks},
 author = {Cervin, Anton},
 booktitle = {IFAC World Congress},
 publisher = {Elsevier},
 year = {2005},
}

@INPROCEEDINGS{vonderBrueggen:2021,
  author    = {von der Brüggen, Georg and Piatkowski, Nico and Chen, Kuan-Hsun and Chen, Jian-Jia and Morik, Katharina and Brandenburg, Björn B.},
  booktitle = {IEEE Real-Time Systems Symposium (RTSS)},
  title     = {Efficiently Approximating the Worst-Case Deadline Failure Probability under EDF},
  year      = {2021},
  pages     = {214-226},
  doi       = {10.1109/RTSS52674.2021.00029}
}

@book{Buttazzo:2005,
    title       = {Soft Real-Time Systems},
    author      = {Giorgio Buttazzo and Giuseppe Lipari and Luca Abeni and Marco Caccamo},
    year        = {2005},
    publisher   = {Springer}
}

@article{Manolache:2004,
    author = {Manolache, Sorin and Eles, Petru and Peng, Zebo},
    title = {Schedulability Analysis of Applications with Stochastic Task Execution Times},
    year = {2004},
    publisher = {Association for Computing Machinery},
    address = {New York, NY, USA},
    volume = {3},
    number = {4},
    issn = {1539-9087},
    doi = {10.1145/1027794.1027797},
    journal = {ACM Trans. Embed. Comput. Syst.},
    month = nov, pages = {706–735},
}

@article{Liu:1973,
    author      = {Liu, C.L. and Layland, J.W.},
    title       = {Scheduling Algorithms for Multiprogramming in a Hard-Real-Time Environment},
    year        = {1973},
    publisher   = {Association for Computing Machinery},
    address     = {New York, NY, USA},
    volume      = {20},
    number      = {1},
    issn        = {0004-5411},
    doi         = {10.1145/321738.321743},
    journal     = {Journal of the ACM},
    pages       = {46–61},
}

@INPROCEEDINGS{Koren:1995,
  author={Koren, G. and Shasha, D.},
  booktitle={Proceedings 16th IEEE Real-Time Systems Symposium},
  title={Skip-Over: algorithms and complexity for overloaded systems that allow skips},
  year={1995},
  volume={},
  number={},
  pages={110-117},
  doi={10.1109/REAL.1995.495201}
}

@article{Linsenmayer:2021,
    author      = {Linsenmayer, Steffen
                    and Hertneck, Michael
                    and Allg{\"o}wer, Frank},
    journal     = {IEEE Transactions on Automatic Control},
    title       = {Linear Weakly Hard Real-Time Control Systems: Time- and Event-Triggered Stabilization},
    year        = {2021},
    volume      = {66},
    number      = {4},
    pages       = {1932-1939},
    doi         = {10.1109/TAC.2020.3000981}
}

@article{Hertneck:2021,
    title = {Efficient stability analysis approaches for nonlinear weakly-hard real-time control systems},
    journal = {Automatica},
    volume = {133},
    year = {2021},
    issn = {0005-1098},
    doi = {https://doi.org/10.1016/j.automatica.2021.109868},
    author = {Michael Hertneck and Steffen Linsenmayer and Frank Allgöwer},
}

@inproceedings{Vreman:2021,
    author    = {Nils Vreman and Anton Cervin and Martina Maggio},
    title     = {{Stability and Performance Analysis of Control Systems Subject to Bursts of Deadline Misses}},
    booktitle = {33rd Euromicro Conference on Real-Time Systems (ECRTS 2021)},
    series    = {Leibniz International Proceedings in Informatics (LIPIcs)},
    year      = {2021},
    volume    = {196},
    editor    = {Brandenburg, Bj\"{o}rn B.},
    publisher = {Schloss Dagstuhl -- Leibniz-Zentrum f{\"u}r Informatik},
    address   = {Dagstuhl, Germany},
    doi       = {10.4230/LIPIcs.ECRTS.2021.15},
}

@book{Liberzon:2003,
  title={Switching in Systems and Control},
  author={Liberzon, Daniel},
  isbn={9783764342975},
  lccn={2003050211},
  series={Systems \& control},
  year={2003},
  publisher={Birkhauser}
}

@article{Ogura:2013,
    title = {Generalized joint spectral radius and stability of switching systems},
    journal = {Linear Algebra and its Applications},
    volume = {439},
    number = {8},
    year = {2013},
    issn = {0024-3795},
    doi = {https://doi.org/10.1016/j.laa.2013.06.028},
    author = {M. Ogura and C.F. Martin},
}

@InProceedings{Maggio:2020,
  author =	{Martina Maggio and Arne Hamann and Eckart Mayer-John and Dirk Ziegenbein},
  title =	{{Control-System Stability Under Consecutive Deadline Misses Constraints}},
  booktitle =	{32nd Euromicro Conference on Real-Time Systems (ECRTS 2020)},
  series =	{Leibniz International Proceedings in Informatics (LIPIcs)},
  ISBN =	{978-3-95977-152-8},
  ISSN =	{1868-8969},
  year =	{2020},
  volume =	{165},
  doi =		{10.4230/LIPIcs.ECRTS.2020.21},
}

@article{Dai:2012,
    title = {A Gel’fand-type spectral radius formula and stability of linear constrained switching systems},
    journal = {Linear Algebra and its Applications},
    volume = {436},
    number = {5},
    year = {2012},
    issn = {0024-3795},
    doi = {https://doi.org/10.1016/j.laa.2011.07.029},
    author = {Xiongping Dai},
}

@inproceedings{vankeerberghen2014jsr,
  title={JSR: A toolbox to compute the joint spectral radius},
  author={Vankeerberghen, G. and Hendrickx, J. and Jungers, R.M.},
  booktitle={International Conference on Hybrid Systems Computation and Control},
  year={2014}
}

