@ARTICLE{Bernat:2001,
    author  = {Bernat, G. and Burns, A. and Liamosi, A.},
    journal = {IEEE Transactions on Computers}, 
    title   = {Weakly hard real-time systems}, 
    year    = {2001},
    volume  = {50},
    number  = {4},
    pages   = {308-321},
    doi     = {10.1109/12.919277}
}
