@article{Rota:1960,
    title   = {A note on the joint spectral radius},
    author  = {Gian–Carlo Rota and W. {Gilbert Strang}},
    journal = {Indagationes Mathematicae (Proceedings)},
    volume  = {63},
    year    = {1960},
    issn    = {1385-7258},
}

@inproceedings{Kirsch:2012,
    author      = {Kirsch, Christoph 
                    and Sokolova, Ana},
    title       = {The Logical Execution Time Paradigm},
    booktitle   = {Advances in Real-Time Systems},
    year        = {2012},
    pages       = {103-120},
    isbn        = {978-3-642-24348-6},
    doi         = {10.1007/978-3-642-24349-3_5}
}

@Article{Ernst:2018,
    author      = {Rolf Ernst 
                    and Stefan Kuntz 
                    and Sophie Quinton 
                    and Martin Simons},
    title       = {The Logical Execution Time Paradigm: New Perspectives for Multicore Systems},
    pages       = {122--149},
    journal     = {Dagstuhl Reports},
    ISSN        = {2192-5283},
    year        = {2018},
    volume      = {8},
    number      = {2},
    publisher   = {Schloss Dagstuhl--Leibniz-Zentrum fuer Informatik},
    doi         = {10.4230/DagRep.8.2.122},
}

@Article{Schenato:2009,  
    author      = {L. {Schenato}},  
    title       = {To Zero or to Hold Control Inputs With Lossy Links?},   
    journal     = {IEEE Transactions on Automatic Control},   
    year        = {2009},  
    volume      = {54},  
    number      = {5},  
    pages       = {1093-1099},  
    doi         = {10.1109/TAC.2008.2010999}
}

@inproceedings{Pazzaglia:2019,
    author      = {Paolo Pazzaglia 
                    and Claudio Mandrioli 
                    and Martina Maggio 
                    and Anton Cervin},
    title       = {{DMAC}: {D}eadline-Miss-Aware Control}},
    booktitle   = {31st Euromicro Conference on Real-Time Systems (ECRTS)},
    pages       = {1:1--1:24},
    series      = {Leibniz International Proceedings in Informatics (LIPIcs)},
    ISBN        = {978-3-95977-110-8},
    ISSN        = {1868-8969},
    year        = {2019},
    volume      = {133},
    editor      = {Sophie Quinton},
    publisher   = {Schloss Dagstuhl--Leibniz-Zentrum fuer Informatik},
    doi         = {10.4230/LIPIcs.ECRTS.2019.1},
}

@inproceedings{Chakraborty:2014,  
    author      = {M. {Kauer} 
                    and D. {Soudbakhsh} 
                    and D. {Goswami} 
                    and S. {Chakraborty} 
                    and A. M. {Annaswamy}},  
    title       = {Fault-tolerant control synthesis and verification of distributed embedded systems},   
    booktitle   = {2014 Design, Automation Test in Europe Conference Exhibition (DATE)},   
    year        = {2014},
    pages       = {1-6},  
    doi={10.7873/DATE.2014.069}
}

@article{Schinkel:2006,
    author      = {Schinkel, Michael 
                    and Chen, Wen-Hua},
    title       = {Control of sampled data systems with variable sampling rate},
    year        = {2006},
    month       = jul,
    volume      = 37,
    journal     = {International Journal of Systems Science},
    doi         = {10.1080/00207720600681161}
}

@article{Sun:2016,
    author      = {Li Sun 
                    and Donghai Li 
                    and Kwang Y. Lee},
    title       = {Optimal disturbance rejection for {PI} controller with constraints on relative delay margin},
    journal     = {ISA Transactions},
    volume      = {63},
    pages       = {103-111},
    year        = {2016},
    issn        = {0019-0578},
    doi         = {https://doi.org/10.1016/j.isatra.2016.03.014},
}

@article{Desborough:2002,
    author      = {Desborough, Lane 
                    and Miller, Randy},
    title       = {Increasing Customer Value of Industrial Control Performance Monitoring---{Honeywell}'s Experience},
    year        = {2002},
    month       = {01},
    volume      = {98},
    journal     = {AIChE Symposium Series}
}

@book{Astrom:2008,
    author = {K. J. {\AA}str{\"o}m and R. M. Murray},
    title = {Feedback Systems: {A}n Introduction for Scientists and Engineers},
    publisher = {Princeton University Press},
    year = {2008},
}

@inproceedings{Chakraborty:2012,
    author = {Kumar, Pratyush and Goswami, Dip and Chakraborty, Samarjit and Annaswamy, Anuradha and Lampka, Kai and Thiele, Lothar},
    title = {A Hybrid Approach to Cyber-Physical Systems Verification},
    year = {2012},
    isbn = {9781450311991},
    address = {New York, NY, USA},
    url = {https://doi.org/10.1145/2228360.2228484},
    doi = {10.1145/2228360.2228484},
    booktitle = {49th Annual Design Automation Conference (DAC)},
    pages = {688–696},
    numpages = {9},
    keywords = {timed-automata, stability, frequency-delay metric, real-time calculus, cyber-physical systems},
    location = {San Francisco, California},
}

@InProceedings{Maggio:2020,
    author      = {Martina Maggio 
                    and Arne Hamann 
                    and Eckart Mayer-John 
                    and Dirk Ziegenbein},
    title       = {Control-System Stability Under Consecutive Deadline Misses Constraints},
    booktitle   = {32nd Euromicro Conference on Real-Time Systems (ECRTS 2020)},
    pages       = {21:1--21:24},
    series      = {Leibniz International Proceedings in Informatics (LIPIcs)},
    ISBN        = {978-3-95977-152-8},
    ISSN        = {1868-8969},
    year        = {2020},
    volume      = {165},
    editor      = {Marcus V{\"o}lp},
    publisher   = {Schloss Dagstuhl--Leibniz-Zentrum f{\"u}r Informatik},
    doi         = {10.4230/LIPIcs.ECRTS.2020.21},
}

@inproceedings{Cervin:2005,
  author       = {Cervin, Anton},
  booktitle    = {16th IFAC World Congress},
  language     = {eng},
  publisher    = {Elsevier},
  title        = {Analysis of Overrun Strategies in Periodic Control Tasks},
  url          = {https://lup.lub.lu.se/search/ws/files/5981614/625572.pdf},
  year         = {2005},
}

@article{Astrom:1984,
    author      = {K. J. {\AA}str{\"o}m 
                and T. H{\"a}gglund},
    title       = {Automatic tuning of simple regulators with specifications on phase and amplitude margins},
    journal     = {Automatica},
    volume      = {20},
    number      = {5},
    pages       = {645-651},
    year        = {1984},
    issn        = {0005-1098},
    doi         = {https://doi.org/10.1016/0005-1098(84)90014-1},
}

@article{Caccamo:2002,
    author = {Caccamo, Marco and Buttazzo, Giorgio and Sha, Lui},
    title = {Handling Execution Overruns in Hard Real-Time Control Systems},
    year = {2002},
    issue_date = {July 2002},
    
    address = {USA},
    volume = {51},
    number = {7},
    issn = {0018-9340},
    url = {https://doi.org/10.1109/TC.2002.1017703},
    doi = {10.1109/TC.2002.1017703},
    journal = {IEEE Transactions on Computers},
    month = jul,
    pages = {835–849},
    numpages = {15},
    keywords = {real-time scheduling., rate adaptation, Overrun management}
}

@ARTICLE{Papadopoulos:2018,  
    author={A. V. {Papadopoulos} and F. {Terraneo} and A. {Leva} and M. {Prandini}},  
    journal={IEEE Transactions on Automatic Control},   
    title={Switched Control for Quantized Feedback Systems: Invariance and Limit Cycle Analysis},
    year={2018},  
    volume={63},  
    number={11},  
    pages={3775-3786},  
    doi={10.1109/TAC.2018.2797246}
}

@INPROCEEDINGS{Albertos:1990,
author = "Pedro Albertos and Julian Salt",
title = "Digital Regulators Redesign with Irregular Sampling",
year = "1990",
booktitle = "11th IFAC World Congress on Automatic Control",
doi = "https://doi.org/10.1016/S1474-6670(17)51867-4",
}

@INPROCEEDINGS{Marti:2001,
  author={P. {Marti} and J. M. {Fuertes} and G. {Fohler} and K. {Ramamritham}},
  booktitle={22nd IEEE Real-Time Systems Symposium (RTSS 2001)}, 
  title={Jitter compensation for real-time control systems}, 
  year={2001},
  volume={},
  number={},
  pages={39-48},
  doi={10.1109/REAL.2001.990594}
  }

@article{Nilsson:1998,
title = "Stochastic analysis and control of real-time systems with random time delays",
journal = "Automatica",
volume = "34",
number = "1",
pages = "57--64",
year = "1998",
doi = "https://doi.org/10.1016/S0005-1098(97)00170-2",
author = "Johan Nilsson and Bo Bernhardsson and Björn Wittenmark",
}

@book{AstWit:1984,
title = "Computer controlled systems: Theory and design (1 ed.)",
author = {{\AA}str{\"o}m, K. J. and B. Wittenmark},
year = "1984",
language = "English",
isbn = "0-13-164319-3",
publisher = "Prentice-Hall",
}

@ARTICLE{Zhang:2001,
  author={ Wei Zhang and M. S. {Branicky} and S. M. {Phillips}},
  journal={IEEE Control Systems Magazine}, 
  title={Stability of networked control systems}, 
  year={2001},
  volume={21},
  number={1},
  pages={84-99},
  doi={10.1109/37.898794}}

@book{Franklin:1980,
author = {Franklin, G. F. and Powell, J. D.},
year = {1980},
title = {Digital Control of Dynamic Systems},
publisher = {Addison-Wesley},
}

@article{Torngren:1998,
	Author = {T{\"o}rngren, Martin},
	Doi = {10.1023/A:1007964222989},
	Journal = {Real-Time Systems},
	Number = {3},
	Pages = {219--250},
	Title = {Fundamentals of Implementing Real-Time Control Applications in Distributed Computer Systems},
	Volume = {14},
	Year = {1998},
}

@INPROCEEDINGS{Eker:1999,
author = {J. Eker and A. Cervin},
booktitle = {6th International Conference on Real-Time Computing Systems and Applications},
title = {A {Matlab} Toolbox for Real-Time and Control Systems Co-Design},
year = {1999},
doi = {10.1109/RTCSA.1999.811266},

month = {Dec}
}

@inproceedings{Jungers:2014,
    author = {Vankeerberghen, Guillaume and Hendrickx, Julien and Jungers, Rapha\"{e}l M.},
    title = {{JSR}: {A} Toolbox to Compute the Joint Spectral Radius},
    year = {2014},
    isbn = {9781450327329},
    publisher = {Association for Computing Machinery},
    doi = {10.1145/2562059.2562124},
    booktitle = {Proceedings of the 17th International Conference on Hybrid Systems: Computation and Control (HSCC)},
    pages = {151–156},
}

@inproceedings{Seto:1996,
author = {Seto, D. and Lehoczky, J. P. and Sha, L. and Shin, K. G.},
title = {On Task Schedulability in Real-Time Control Systems},
year = {1996},
isbn = {0818676892},
 
booktitle = {17th IEEE Real-Time Systems Symposium},
 }

@inproceedings{Crespo:1999,
title = "Reducing Delays in {RT} Control: The Control Action Interval",
year = "1999",
booktitle = "14th IFAC World Congress 1999, Beijing, China",
doi = "https://doi.org/10.1016/S1474-6670(17)57454-6",
author = "Alfons Crespo and Ismael Ripoll and Pedro Albertos",
}

@INPROCEEDINGS{Gardner:1999,
  author={M. K. {Gardner} and J. W. S. {Liu}},
  booktitle={11th Euromicro Conference on Real-Time Systems}, 
  title={Performance of algorithms for scheduling real-time systems with overrun and overload}, 
  year={1999},
  pages={287-296},
  doi={10.1109/EMRTS.1999.777476}}

@INPROCEEDINGS{Koren:1995,
author={G. {Koren} and D. {Shasha}},
booktitle={Proceedings 16th IEEE Real-Time Systems Symposium},
title={{Skip-Over}: {A}lgorithms and complexity for overloaded systems that allow skips},   year={1995},
pages={110-117}, 
doi={10.1109/REAL.1995.495201}}

@INPROCEEDINGS{Ramanathan:1997,
author={P. {Ramanathan}},
booktitle={27th IEEE International Symposium on Fault Tolerant Computing},  title={Graceful degradation in real-time control applications using (m,k)-firm guarantee},
year={1997},
pages={132-141},
doi={10.1109/FTCS.1997.614086}}

@ARTICLE{Gupta:2010,
  author={R. A. {Gupta} and M. {Chow}},
  journal={IEEE Transactions on Industrial Electronics}, 
  title={Networked Control System: Overview and Research Trends}, 
  year={2010},
  volume={57},
  number={7},
  pages={2527-2535},
  doi={10.1109/TIE.2009.2035462}}

@ARTICLE{Hespanha:2007,
  author={J. P. {Hespanha} and P. {Naghshtabrizi} and Y. {Xu}},
  journal={Proceedings of the IEEE}, 
  title={A Survey of Recent Results in Networked Control Systems}, 
  year={2007},
  volume={95},
  number={1},
  pages={138-162},
  doi={10.1109/JPROC.2006.887288}}

@misc{Vreman:2021,
    title       = {Stability of Control Systems under Extended Weakly-Hard Constraints}, 
    author      = {Nils Vreman and Paolo Pazzaglia and Jie Wang and Victor Magron and Martina Maggio},
    year        = {2021},
    eprint      = {2101.11312},
    archivePrefix = {arXiv},
    primaryClass = {math.OC},
    note = {arXiv preprint 2101.11312. https://doi.org/10.48550/arXiv.2101.1131}
}

@article{Zhang:2010,  
    author  = {W. {Zhang} and L. {Yu}},  
    journal = {IEEE Transactions on Automatic Control},   
    title   ={Stabilization of Sampled-Data Control Systems With Control Inputs Missing},   
    year    = {2010},  
    volume  = {55},  
    number  = {2},  
    pages   = {447-452},  
    doi     = {10.1109/TAC.2009.2036325}
}

@article{Baruah:1997,  
    author = {S. K. {Baruah} and J. R. {Haritsa}},  
    journal = {IEEE Transactions on Computers},   
    title = {Scheduling for overload in real-time systems},   
    year = {1997},  
    volume = {46},  
    number = {9},  
    pages = {1034-1039},  
    doi = {10.1109/12.620484}
}

@article{Milligan:1996,
    title = {The use of cache memory in real-time systems},
    journal = {Control Engineering Practice},
    volume = {4},
    number = {10},
    pages = {1435-1442},
    year = {1996},
    issn = {0967-0661},
    doi = {https://doi.org/10.1016/0967-0661(96)00154-2},
    author = {M.K.J. Milligan and H.G. Cragon},
}

@article{Wang:2012,
    author = {Wang, Weixun and Mishra, Prabhat and Gordon-Ross, Ann},
    title = {Dynamic Cache Reconfiguration for Soft Real-Time Systems},
    year = {2012},
    volume = {11},
    number = {2},
    issn = {1539-9087},
    doi = {10.1145/2220336.2220340},
    journal = {ACM Trans. Embed. Comput. Syst.},
    month = jul,
    articleno = {28},
    numpages = {31},
}

@article{Stankovic:1995,
	doi = {10.1109/2.386982},
	year = 1995,
	month = jun,
	publisher = {Institute of Electrical and Electronics Engineers ({IEEE})},
	volume = {28},
	number = {6},
	pages = {16--25},
	author = {J.A. Stankovic and M. Spuri and M. Di Natale and G.C. Buttazzo},
	title = {Implications of classical scheduling results for real-time systems},
	journal = {Computer}
}

@inproceedings{Marchand:2008,
    author = {A. Marchand 
            and M. Chetto},
    booktitle = {2008 IEEE/ACS International Conference on Computer Systems and Applications (AICCSA)},
    title = {Dynamic scheduling of periodic skippable tasks in an overloaded real-time system},
    year = {2008},
    pages = {456-464},
    doi = {10.1109/AICCSA.2008.4493573},
    
}

@article{Liu:1973,
    author = {Liu, C. L. 
            and Layland, James W.},
    title = {Scheduling Algorithms for Multiprogramming in a Hard-Real-Time Environment},
    year = {1973},
    volume = {20},
    number = {1},
    issn = {0004-5411},
    doi = {10.1145/321738.321743},
    journal = {Journal of the ACM},
    pages = {46–61},
    numpages = {16}
}

@article{Bernat:2001,
    author = {Bernat, G.
            and Burns, A.
            and Liamosi, A.},
    title = {Weakly Hard Real-Time Systems},
    journal = {IEEE Transactions on Computers},
    
    volume = {50},
    number = {4},
    year = {2001}
}

@inproceedings{Camacho:2010,  
    author = {E. F. Camacho and T. Alamo and D. M. de la Pe{\~n}a},  
    booktitle = {15th IEEE Conference on Emerging Technologies in Factory Automation},   
    title = {Fault-tolerant model predictive control},   
    year = {2010},  
    pages = {1-8},  
    doi = {10.1109/ETFA.2010.5641226}
}

@inproceedings{Linsenmayer:2017,  
    author = {S. Linsenmayer and F. Allgower},  
    booktitle = {56th IEEE Conference on Decision and Control (CDC)},   
    title = {Stabilization of networked control systems with weakly hard real-time dropout description},   
    year = {2017},  
    pages = {4765-4770},  
    doi = {10.1109/CDC.2017.8264364}
}


@ARTICLE{Shin:1992,
  author={K. G. {Shin} and H. {Kim}},
  journal={IEEE Transactions on Systems, Man, and Cybernetics}, 
  title={Derivation and application of hard deadlines for real-time control systems},
  year={1992},
  volume={22},
  number={6},
  pages={1403-1413},
  doi={10.1109/21.199465}
  }

@article{Ramamritham:1996,
  title={Where do time constraints come from? {Where} do they go?},
  author={Ramamritham, Krithi},
  journal={International Journal of Database Management},
  volume={7},
  number={2},
  pages={4--11},
  year={1996}
}

@ARTICLE{Ramanathan:1999,
  author={P. {Ramanathan}},
  journal={IEEE Transactions on Parallel and Distributed Systems}, 
  title={Overload management in real-time control applications using (m, k)-firm guarantee}, 
  year={1999},
  volume={10},
  number={6},
  pages={549-559},
  doi={10.1109/71.774906}}

@article{Lozoya:2013,
	Author = {Lozoya, Camilo and Mart{\'\i}, Pau and Velasco, Manel and Fuertes, Josep M. and Martin, Enrix X.},
	Doi = {10.1007/s11241-012-9174-9},
	Journal = {Real-Time Systems},
	Number = {3},
	Pages = {267--307},
	Title = {Resource and performance trade-offs in real-time embedded control systems},
	Volume = {49},
	Year = {2013},
}

@book{Liberzon:2003,
  title={Switching in Systems and Control},
  author={Liberzon, Daniel},
  isbn={9783764342975},
  lccn={2003050211},
  series={Systems \& control},
  year={2003},
  publisher={Birkhauser}
}

@inproceedings{Cervin:2004,
    title = "The Jitter Margin and Its Application in the Design of Real-Time Control Systems",
    author = "Anton Cervin and Bo Lincoln and Johan Eker and Karl-Erik {\AA}rz{\'e}n and Giorgio Buttazzo",
    year = "2004",
    language = "English",
    booktitle = "10th International Conference on Real-Time and Embedded Computing Systems and Applications",
}

@incollection{Oshana:2006,
    title = {Overview of Embedded Systems and Real-Time Systems},
    editor = {Robert Oshana},
    booktitle = {DSP Software Development Techniques for Embedded and Real-Time Systems},
    publisher = {Newnes},
    address = {Burlington},
    pages = {19-34},
    year = {2006},
    series = {Embedded Technology},
    isbn = {978-0-7506-7759-2},
    doi = {https://doi.org/10.1016/B978-075067759-2/50004-1},
    url = {https://www.sciencedirect.com/science/article/pii/B9780750677592500041},
    author = {Robert Oshana}
}

@inproceedings{hammadeh:2017,
    address = {Lausanne, Switzerland},
    author = {Zain A. H. Hammadeh and Sophie Quinton and Rafik Henia and Laurent Rioux and Rolf Ernst},
    booktitle = {Design Automation and Test in Europe (DATE)},
    month = mar,
    title = {Bounding Deadline Misses in Weakly-Hard Real-Time Systems with Task Dependencies},
    url = {http://ieeexplore.ieee.org/document/7927054/},
    year = {2017}
} 

@INPROCEEDINGS{abeni:2000,
  author={L. {Abeni} and L. {Palopoli} and G. {Buttazzo}},
  booktitle={12th Euromicro Conference on Real-Time Systems}, 
  title={On adaptive control techniques in real-time resource allocation}, 
  year={2000},
  volume={},
  number={},
  pages={129-136},
  doi={10.1109/EMRTS.2000.854000}}

@inproceedings{akesson:2020,
  title={An empirical survey-based study into industry practice in real-time systems},
  author={Akesson, Benny and Nasri, Mitra and Nelissen, Geoffrey and Altmeyer, Sebastian and Davis, Robert Ian},
  booktitle={41st IEEE Real-Time Systems Symposium},
  year={2020},
}

@INPROCEEDINGS{Frehse:2014,
  author={G. {Frehse} and A. {Hamann} and S. {Quinton} and M. {Woehrle}},
  booktitle={35th IEEE Real-Time Systems Symposium}, 
  title={Formal Analysis of Timing Effects on Closed-Loop Properties of Control Software}, 
  year={2014},
  volume={},
  number={},
  pages={53-62},
  doi={10.1109/RTSS.2014.28}
}

@INPROCEEDINGS{Caccamo:2000,
  author={M. {Caccamo} and G. {Buttazzo} and  {Lui Sha}},
  booktitle={12th Euromicro Conference on Real-Time Systems}, 
  title={Elastic feedback control}, 
  year={2000},
  volume={},
  number={},
  pages={121-128},
  doi={10.1109/EMRTS.2000.853999}
}

@inproceedings{Quinton:2014,  
    author = {S. {Quinton} and T. T. {Bone} and J. {Hennig} and M. {Neukirchner} and M. {Negrean} and R. {Ernst}},  
    booktitle = {51st ACM/EDAC/IEEE Design Automation Conference (DAC)},   
    title = {Typical worst case response-time analysis and its use in automotive network design},   
    year = {2014},  
    pages = {1-6}
}

@inproceedings{Hammadeh:2014,
    author = {Hammadeh, Zain A. H. and Quinton, Sophie and Ernst, Rolf},
    title = {Extending Typical Worst-Case Analysis Using Response-Time Dependencies to Bound Deadline Misses},
    year = {2014},
    isbn = {9781450330527},
    doi = {10.1145/2656045.2656059},
    booktitle = {14th International Conference on Embedded Software},
    articleno = {10},
    numpages = {10},
    series = {EMSOFT '14}
}

@inproceedings{Quinton:2013,  
    author = {S. {Quinton} and M. {Negrean} and R. {Ernst}},  
    booktitle = {2013 Design, Automation Test in Europe Conference Exhibition (DATE)},   
    title  = {Formal analysis of sporadic bursts in real-time systems},   
    year = {2013},  
    pages = {767-772},  
    doi = {10.7873/DATE.2013.163}
}

@article{Linsenmayer:2020,  
    author = {S. {Linsenmayer} and M. {Hertneck} and F. {Allgower}},  
    journal = {IEEE Transactions on Automatic Control},   
    title = {Linear Weakly Hard Real-Time Control Systems: Time- and Event-Triggered Stabilization},   
    year = {2020},  
    doi = {10.1109/TAC.2020.3000981}
}

@inproceedings{Hertneck:2019,  
    author = {M. {Hertneck} and S. {Linsenmayer} and F. {Allgöwer}},  
    booktitle = {58th IEEE Conference on Decision and Control (CDC)},   
    title = {Nonlinear Dynamic Periodic Event-Triggered Control with Robustness to Packet Loss Based on Non-Monotonic {Lyapunov} Functions},   
    year = {2019},  
    doi = {10.1109/CDC40024.2019.9029770}
}

@InProceedings{Vreman:2020,
  author =	{Nils Vreman and Claudio Mandrioli},
  title =	{Evaluation of Burst Failure Robustness of Control Systems in the Fog},
  booktitle = {2nd Workshop on Fog Computing and the IoT (Fog-IoT 2020)},
  series =	{OpenAccess Series in Informatics (OASIcs)},
  ISBN =	{978-3-95977-144-3},
  ISSN =	{2190-6807},
  year =	{2020},
  volume =	{80},
  editor =	{Anton Cervin and Yang Yang},
  publisher =	{Schloss Dagstuhl--Leibniz-Zentrum fuer Informatik},
  address =	{Dagstuhl, Germany},
  doi =		{10.4230/OASIcs.Fog-IoT.2020.8},
}
  
 @INPROCEEDINGS{Arzen:2000,
  author={K.-E. {\AA rz\'en} and A. {Cervin} and J. {Eker} and L. {Sha}},
  booktitle={39th IEEE Conference on Decision and Control}, 
  title={An introduction to control and scheduling co-design}, 
  year={2000},
  pages={4865-4870},
  doi={10.1109/CDC.2001.914701}}

@INPROCEEDINGS{Rehbinder:2000,
  author={H. {Rehbinder} and M. {Sanfridson}},
  booktitle={12th Euromicro Conference on Real-Time Systems}, 
  title={Integration of off-line scheduling and optimal control}, 
  year={2000},
  volume={},
  number={},
  pages={137-143}}
  
 @INPROCEEDINGS{Aminifar:2011,
  author={A. {Aminifar} and S. {Samii} and P. {Eles} and Z. {Peng}},
  booktitle={17th International Conference on Embedded and Real-Time Computing Systems and Applications}, 
  title={Control-Quality Driven Task Mapping for Distributed Embedded Control Systems}, 
  year={2011},
  pages={133-142},
  doi={10.1109/RTCSA.2011.41}}

@inproceedings{Diaz:2002,
    author = {Díaz, Jose and Garcia, Frk Daniel and Kim, Kanghee and Lee, Chang-Gun and Lo Bello, Lucia and Lopez, J.M. and Min, Sang and Mirabella, O.},
    year = {2002},
    pages = {289-300},
    title = {Stochastic analysis of periodic real-time systems},
    booktitle = {23rd IEEE Real-Time Systems Symposium},
    doi = {10.1109/REAL.2002.1181583}
}

@inproceedings{Pazzaglia:2021,
author = {Pazzaglia, Paolo and Hamann, Arne and Ziegenbein, Dirk and Maggio, Martina},
year = {2021},
booktitle = {Design, Automation \& Test in Europe Conference Exhibition (DATE)},
title = {Adaptive Design of Real-Time Control Systems subject to Sporadic Overruns}
}

@misc{Hagglund:1983,
author = {H{\"a}gglund, Tore and {\AA}str{\"o}m, Karl Johan},
title = {A Method and an Apparatus in Tuning a {PID}-Regulator},
year = 1983,
note = {Patent application WO/1983/000753}
}

@ARTICLE{Seong:2001,
  author={ {Seong Woo Kwak} and  {Byung Jae Choi} and  {Byung Kook Kim}},
  journal={IEEE Transactions on Reliability}, 
  title={An optimal checkpointing-strategy for real-time control systems under transient faults}, 
  year={2001},
  volume={50},
  number={3},
  pages={293-301},
  doi={10.1109/24.974127}
}

@INPROCEEDINGS{Zhang:2003,
  author={ {Ying Zhang} and  {Krishnendu Chakrabarty}},
  booktitle={18th IEEE Symposium on Defect and Fault Tolerance in VLSI Systems}, 
  title={Fault recovery based on checkpointing for hard real-time embedded systems}, 
  year={2003},
  volume={},
  number={},
  pages={320-327},
  doi={10.1109/DFTVS.2003.1250127}
}


@InProceedings{Steinbauer:2013,
  author="Steinbauer, Gerald",
  editor="Chen, Xiaoping
  and Stone, Peter
  and Sucar, Luis Enrique
  and van der Zant, Tijn",
  title="A Survey about Faults of Robots Used in {RoboCup}",
  booktitle="RoboCup 2012: Robot Soccer World Cup XVI",
  year="2013",
  publisher="Springer",
  address="Berlin, Heidelberg",
  pages="344--355",
  isbn="978-3-642-39250-4"
}

@inproceedings{Vreman:2021ecrts,
title = "Stability and Performance Analysis of Control Systems Subject to Bursts of Deadline Misses",
keywords = "Control Systems, Fault Tolerance, Weakly Hard Task Model",
author = "Nils Vreman and Anton Cervin and Martina Maggio",
year = "2021",
doi = "10.4230/LIPIcs.ECRTS.2021.15",
volume = "196",
booktitle = "33rd Euromicro Conference on Real-Time Systems (ECRTS)",
publisher = "Schloss Dagstuhl - Leibniz-Zentrum f{\"u}r Informatik",

}

@article{Astrom:2004,
    title = {Revisiting the {Ziegler–-Nichols} step response method for {PID} control},
    journal = {Journal of Process Control},
    volume = {14},
    number = {6},
    pages = {635-650},
    year = {2004},
    issn = {0959-1524},
    doi = {https://doi.org/10.1016/j.jprocont.2004.01.002},
    author = {K.J. {\AA}str{\"o}m and T. H{\"a}gglund},
}

@INPROCEEDINGS{Benbrahim:1992,  
    author={Benbrahim, H. and Doleac, J.S. and Franklin, J.A. and Selfridge, O.G.},  
    booktitle={IJCNN International Joint Conference on Neural Networks},   
    title={Real-time learning: {A} ball on a beam},   
    year={1992},  
    volume={1},  
    doi={10.1109/IJCNN.1992.287219}
}

@article{Garpinger:2008,
    title = {A Software Tool for Robust {PID} Design},
    journal = {IFAC Proceedings Volumes},
    volume = {41},
    number = {2},
    year = {2008},
    issn = {1474-6670},
    doi = {https://doi.org/10.3182/20080706-5-KR-1001.01082},
    author = {Olof Garpinger and Tore H{\"a}gglund},
}

@article{Hertneck:2021,
    title = {Efficient stability analysis approaches for nonlinear weakly-hard real-time control systems},
    journal = {Automatica},
    volume = {133},
    pages = {109868},
    year = {2021},
    issn = {0005-1098},
    doi = {https://doi.org/10.1016/j.automatica.2021.109868},
    url = {https://www.sciencedirect.com/science/article/pii/S0005109821003903},
    author = {Michael Hertneck and Steffen Linsenmayer and Frank Allgöwer},
    keywords = {Control under communication constraint, Networked control systems, Sampled-data systems, Cyber–physical systems, Switching controllers},
}

@article{Linsenmayer:2021,
  title={Controller and Triggering Mechanism Co-design for Control Over Time-Slotted Networks},
  author={Steffen Linsenmayer and Ben W. Carabelli and Stefan Wildhagen and Kurt Rothermel and Frank Allg{\"o}wer},
  journal={IEEE Transactions on Control of Network Systems},
  year={2021},
  volume={8},
  pages={222-232}
}

@article{Xiong:2007,
    title = {Stabilization of linear systems over networks with bounded packet loss},
    journal = {Automatica},
    volume = {43},
    number = {1},
    pages = {80-87},
    year = {2007},
    issn = {0005-1098},
    doi = {https://doi.org/10.1016/j.automatica.2006.07.017},
    url = {https://www.sciencedirect.com/science/article/pii/S000510980600313X},
    author = {Junlin Xiong and James Lam},
    keywords = {Linear systems, Networked control systems, Packet losses, Stabilization, Time delays},
}

@ARTICLE{Schenato:2007,
  author={Schenato, Luca and Sinopoli, Bruno and Franceschetti, Massimo and Poolla, Kameshwar and Sastry, S. Shankar},
  journal={Proceedings of the IEEE}, 
  title={Foundations of Control and Estimation Over Lossy Networks}, 
  year={2007},
  volume={95},
  number={1},
  pages={163-187},
  doi={10.1109/JPROC.2006.887306}
}

@article{Hertneck:2020,
title = {Stability Analysis for Nonlinear Weakly Hard Real-Time Control Systems},
journal = {IFAC-PapersOnLine},
volume = {53},
number = {2},
pages = {2594-2599},
year = {2020},
note = {21st IFAC World Congress},
issn = {2405-8963},
doi = {https://doi.org/10.1016/j.ifacol.2020.12.307},
url = {https://www.sciencedirect.com/science/article/pii/S2405896320305887},
author = {Michael Hertneck and Steffen Linsenmayer and Frank Allgöwer},
keywords = {Networked embedded control systems, control over networks, control under communication constraints},
}

@InProceedings{markovic:2021,
  author =	{Markovi\'{c}, Filip and Papadopoulos, Alessandro Vittorio and Nolte, Thomas},
  title =	{On the Convolution Efficiency for Probabilistic Analysis of Real-Time Systems},
  booktitle =	{33rd Euromicro Conference on Real-Time Systems (ECRTS)},
  pages =	{16:1--16:22},
  series =	{Leibniz International Proceedings in Informatics (LIPIcs)},
  ISBN =	{978-3-95977-192-4},
  ISSN =	{1868-8969},
  year =	{2021},
  volume =	{196},
  editor =	{Brandenburg, Bj\"{o}rn B.},
  publisher =	{Schloss Dagstuhl -- Leibniz-Zentrum f{\"u}r Informatik},
  address =	{Dagstuhl, Germany},
  URL =		{https://drops.dagstuhl.de/opus/volltexte/2021/13947},
  URN =		{urn:nbn:de:0030-drops-139474},
  doi =		{10.4230/LIPIcs.ECRTS.2021.16},
  annote =	{Keywords: Probabilistic analysis, Random variables, Algorithm Complexity}
}

@INPROCEEDINGS{Chen:2017,
  author={Chen, Kuan-Hsun and Chen, Jian-Jia},
  booktitle={12th IEEE International Symposium on Industrial Embedded Systems (SIES)}, 
  title={Probabilistic schedulability tests for uniprocessor fixed-priority scheduling under soft errors}, 
  year={2017},
  volume={},
  number={},
  pages={1-8},
  doi={10.1109/SIES.2017.7993392}}


@INPROCEEDINGS{Chen:2018,
  author={Chen, Kuan-Hsun and Von Der Brüggen, Georg and Chen, Jian-Jia},
  booktitle={24th IEEE International Conference on Embedded and Real-Time Computing Systems and Applications (RTCSA)}, 
  title={Analysis of Deadline Miss Rates for Uniprocessor Fixed-Priority Scheduling}, 
  year={2018},
  volume={},
  number={},
  pages={168-178},
  doi={10.1109/RTCSA.2018.00028}}

@article{Schmidt:1985,
author = {Schmidt, P. C.},
title = {Handbook of Stochastic Methods for Physics, Chemistry and the Natural Sciences},
journal = {Berichte der Bunsengesellschaft für physikalische Chemie},
volume = {89},
publisher = {Springer Verlag},
number = {6},
pages = {721-721},
year = {1985}
}

@Inbook{Khalil:2015,
author="Khalil, Hassan K.",
editor="Baillieul, John
and Samad, Tariq",
title="Lyapunov's Stability Theory",
bookTitle="Encyclopedia of Systems and Control",
year="2015",
publisher="Springer London",
address="London",
pages="685--690",
isbn="978-1-4471-5058-9",
doi="10.1007/978-1-4471-5058-9_77",
url="https://doi.org/10.1007/978-1-4471-5058-9_77"
}

@ARTICLE{Henzinger:2003,
    author={Henzinger, T.A. and Horowitz, B. and Kirsch, C.M.},
    journal={Proceedings of the IEEE},
    title={Giotto: {A} time-triggered language for embedded programming},
    year={2003},
    volume={91},
    number={1},  pages={84-99},
    doi={10.1109/JPROC.2002.805825}
}

@ARTICLE{Fang:2002,
  author={Yuguang Fang and Loparo, K.A.},
  journal={IEEE Transactions on Automatic Control}, 
  title={Stochastic stability of jump linear systems}, 
  year={2002},
  volume={47},
  number={7},
  pages={1204-1208},
  doi={10.1109/TAC.2002.800674}
}

@article{Blair:1975,
author = {W. P. {Blair Jr.} and  D. D. Sworder},
title = {Feedback control of a class of linear discrete systems with jump parameters and quadratic cost criteria},
journal = {International Journal of Control},
volume = {21},
number = {5},
pages = {833-841},
year  = {1975},
doi = {10.1080/00207177508922037},
}

@INPROCEEDINGS{Lincoln:2002,
  author={Lincoln, B. and Cervin, A.},
  booktitle={Proceedings of the 41st IEEE Conference on Decision and Control}, 
  title={Jitterbug: {A} tool for analysis of real-time control performance}, 
  year={2002},
  pages={1319-1324 vol.2},
  doi={10.1109/CDC.2002.1184698}
  }

@article{Wellstead:1978,
  title = "The Ball and Beam Control Experiment",
  author = "P. E. Wellstead and V. Chrimes and P. R. Fletcher and R. Moody, A. J. Robins",
  year = 1978,
  journal = "The International Journal of Electrical Engineering \& Education",
  volume = 15,
  number = 1
}