@article{al2017stability,
  title={Stability verification and timing contract synthesis for linear impulsive systems using reachability analysis},
  author={Al Khatib, Mohammad and Girard, Antoine and Dang, Thao},
  journal={Nonlinear Analysis: Hybrid Systems},
  volume={25},
  pages={211--226},
  year={2017},
  publisher={Elsevier}
}

@inproceedings{cervin2004jitter,
  title={The jitter margin and its application in the design of real-time control systems},
  author={Cervin, Anton and Lincoln, Bo and Eker, Johan and {\AA}rz{\'e}n, Karl-Erik and Buttazzo, Giorgio},
  booktitle={Proceedings of the 10th International Conference on Real-Time and Embedded Computing Systems and Applications},
  year={2004}
}

@article{kim2005exact,
  title={An exact stochastic analysis of priority-driven periodic real-time systems and its approximations},
  author={Kim, K. and Diaz, J. L. and Bello, L. Lo and L{\'o}pez, J. M. and Lee, C.-G. and Min, S. L.},
  journal={IEEE Transactions on Computers},
  year={2005},
}

@INPROCEEDINGS{Jiang:2016,
  author = {Jiang, W. and Sha, E.H.-M. and Zhuge, Q. and Chen, X.},
  booktitle = {International Conference on Hardware/Software Codesign and System Synthesis}, 
  title = {Optimal functional-unit assignment and buffer placement for probabilistic pipelines}, 
  year = {2016},
}

@ARTICLE{Cucinotta:2010,
  author = {Cucinotta, T. and Palopoli, L.},
  journal = {IEEE Transactions on Computers}, 
  title = {{QoS} Control for Pipelines of Tasks Using Multiple Resources}, 
  year = {2010},
}

@article{Heemels:2015,
    author      = {Jungers, R.M. and Heemels, W.M.},
    title       = {Controllability of linear systems subject to packet losses},
    journal     = {IFAC-PapersOnLine},
    year        = {2015},
}
@article{Heemels:2016a,  
    author      = {Geelen, W. and Antunes, D. and Voeten, J. P. M. and Schiffelers, R. R. H. and Heemels, W. P. M. H.},  
    journal     = {IEEE Transactions on Industrial Electronics},   
    title       = {The Impact of Deadline Misses on the Control Performance of High-End Motion Control Systems},   
    year        = {2016},  
    volume      = {63},  
    number      = {2},
}
@inproceedings{Heemels:2016b,  
    author      = {van Horssen, E.P. and Behrouzian, A.R. Baghban and Goswami, D. and Antunes, D. and Basten, T. and Heemels, W.P.M.H.},  
    booktitle   = {European Control Conference},   
    title       = {Performance analysis and controller improvement for linear systems with (m, k)-firm data losses},   
    year        = {2016},  
}
@article{Heemels:2018,  
    author      = {Jungers, R.M. and Kundu, A. and Heemels, W.P.M.H.},  
    journal     = {IEEE Transactions on Automatic Control},   
    title       = {Observability and Controllability Analysis of Linear Systems Subject to Data Losses},   
    year        = {2018},  
    volume      = {63},  
    number      = {10}, 
}
@inproceedings{Lemmon:2002,
    author      = {Ling, Q. and Lemmon, Michael D.},  
    booktitle   = {Conference on Decision and Control}, 
    title       = {Robust performance of soft real-time networked control systems with data dropouts}, 
    year        = {2002}, 
    volume      = {2},
}
@inproceedings{Lemmon:2003b,  
    author      = {Ling, Q. and Lemmon, Michael D.},  
    booktitle   = {American Control Conference},   
    title       = {Soft real-time scheduling of networked control systems with dropouts governed by a Markov chain},   
    year        = {2003},  
    volume      = {6}, 
}

@inproceedings{fontanelli2013continuous,
  title={The continuous stream model of computation},
  author={Fontanelli, D. and Palopoli, L. and Abeni, L.},
  booktitle={Real-Time Systems Symposium},
  year={2013},
}

@inproceedings{akesson2020empirical,
  title={An empirical survey-based study into industry practice in real-time systems},
  author={Akesson, B. and Nasri, M. and Nelissen, G. and Altmeyer, S. and Davis, R.I.},
  booktitle={Real-Time Systems Symposium},
  year={2020}
}

@inproceedings{liang2019security,
  title={Security-driven codesign with weakly-hard constraints for real-time embedded systems},
  author={Liang, H. and Wang, Z. and Roy, D. and Dey, S. and Chakraborty, S. and Zhu, Q.},
  booktitle={International Conference on Computer Design},
  year={2019},
}

@inproceedings{liang2020leveraging,
  title={Leveraging weakly-hard constraints for improving system fault tolerance with functional and timing guarantees},
  author={Liang, H. and Wang, Z. and Jiao, R. and Zhu, Q.},
  booktitle={Conference On Computer Aided Design},
  year={2020},
}

@inproceedings{choi2019job,
  title={Job-class-level fixed priority scheduling of weakly-hard real-time systems},
  author={Choi, H. and Kim, H. and Zhu, Q.},
  booktitle={Real-Time and Embedded Technology and Applications Symposium},
  year={2019}
}

@inproceedings{huang2019exploring,
  title={Exploring weakly-hard paradigm for networked systems},
  author={Huang, C. and Wardega, K. and Li, W. and Zhu, Q.},
  booktitle={Workshop on Design Automation for CPS and IoT},
  year={2019}
}

@article{linsenmayer2020linear,
  title={Linear Weakly Hard Real-Time Control Systems: Time-and Event-Triggered Stabilization},
  author={Linsenmayer, S. and Hertneck, M. and Allgower, F.},
  journal={IEEE Transactions on Automatic Control},
  year={2020},
}

@inproceedings{pazzaglia2021adaptive,
    author      = {Pazzaglia, P.  and Hamann, A. and Ziegenbein, D. and Maggio, M.},
    booktitle   = {Design, Automation {\&} Test in Europe Conference Exhibition},
    title       = {Adaptive Design of Real-Time Control Systems subject to Sporadic Overruns},
    year        = {2021},
}

@article{cervin2005control,
  title={Control-scheduling codesign of real-time systems},
  author={Cervin, A. and Eker, J.},
  journal={Journal of Embedded Computing},
  volume={1},
  number={2},
  year={2005},
}

@article{caccamo2002handling,
  title={Handling execution overruns in hard real-time control systems},
  author={Caccamo, M. and Buttazzo, G. and Sha, L.},
  journal={IEEE Transactions on Computers},
  year={2002},
}

@article{fontanelli2013soft,
  title={Soft real-time scheduling for embedded control systems},
  author={Fontanelli, D. and Greco, L. and Palopoli, L.},
  journal={Automatica},
  volume={49},
  number={8},
  year={2013},
}

@article{pazzaglia2020generalized,
  title={Generalized Weakly Hard Schedulability Analysis for Real-Time Periodic Tasks},
  author={Pazzaglia, P. and Sun, Y. and Di Natale, M.},
  journal={ACM Transactions on Embedded Computing Systems},
  volume={20},
  number={1},
  year={2020},
}

@article{ramanathan1999overload,
  title={Overload management in real-time control applications using (m, k)-firm guarantee},
  author={Ramanathan, P.},
  journal={IEEE Transactions on parallel and distributed systems},
  volume={10},
  number={6},
  year={1999},
}

@INPROCEEDINGS{fontanelli2015optimal,
  author={Fontanelli, D. and Greco, L. and Palopoli, L.},
  booktitle={Conference on Decision and Control},
  title={Optimal mean square control using the continuous stream model of computation},
  year={2015},
}

@book{buttazzo2005soft,
  title={Soft Real-Time Systems},
  author={Buttazzo, G. and Lipari, G. and Abeni, L. and Caccamo, M.},
  year={2005},
  publisher={Springer}
}

@book{Zhou:1998,
  title={Essentials of Robust Control},
  author={Zhou, K. and Doyle, J.C.},
  series={Prentice Hall international editions},
  year={1998},
  publisher={Prentice Hall}
}

@book{horn2012matrix,
  title={Matrix analysis},
  author={Horn, R.A. and Johnson, C.R.},
  year={2012},
  publisher={Cambridge university press}
}

@article{xu2012matrix,
  title={Matrix expression and reachability analysis of finite automata},
  author={Xu, X. and Hong, Y.},
  journal={Journal of Control Theory and Applications},
  volume={10},
  number={2},
  year={2012},
}

@article{xu2020approximation,
  title={Approximation of the constrained joint spectral radius via algebraic lifting},
  author={Xu, X. and Acikmese, B.},
  journal={Transactions on Automatic Control},
  year={2020},
}

@inproceedings{dercole2017simple,
  title={A simple tree-based algorithm for deciding the stability of discrete-time switched linear systems},
  author={Dercole, F. and Della Rossa, F.},
  booktitle={Conference on Decision and Control},
  year={2017}
}

@article{philippe2016stability,
  title={Stability of discrete-time switching systems with constrained switching sequences},
  author={Philippe, M. and Essick, R. and Dullerud, G.E. and Jungers, R.M.},
  journal={Automatica},
  volume={72},
  year={2016},
}

@article{dai2012gelfand,
  title={A Gel'fand-type spectral radius formula and stability of linear constrained switching systems},
  author={Dai, X.},
  journal={Linear Algebra and Applications},
  year={2012},
}

@article{kozyakin2014berger,
  title={The Berger--Wang formula for the Markovian joint spectral radius},
  author={Kozyakin, V.},
  journal={Linear Algebra and its Applications},
  volume={448},
  year={2014},
}

@inproceedings{wang2014stability,
  title={Stability of linear autonomous systems under regular switching sequences},
  author={Wang, Y. and Roohi, N. and Dullerud, G.E. and Viswanathan, M.},
  booktitle={Conference on Decision and Control},
  year={2014},
}

%%%%%%%%%%%%%%%%%%%%%%%%%%%%%

@book{Astrom:1997,
    title       = {Computer-controlled Systems: Theory and Design},
    author      = {{\AA}str{\"o}m, K.J. and Wittenmark, B.},
    isbn        = {9780133148992},
    lccn        = {96036745},
    url         = {https://books.google.se/books?id=5Z0QAQAAMAAJ},
    year        = {1997},
    publisher   = {Prentice Hall}
}

@book{Jungers2009,
    title       = {The Joint Spectral Radius: Theory and Applications},
    author      = {Jungers, R.M.},
    isbn        = {9783540959809},
    year        = {2009},
    publisher   = {Springer},
}

@book{Astrom:2012,
    author     = {K.J. {\AA}str{\"o}m
                  and R. Murray},
    title      = {Feedback Systems: An Introduction for Scientists and Engineers},
    isbn       = {9780691135762},
    year       = {2012},
    publisher  = {Princeton University Press},
}

@book{Astrom:2006,
    author     = {K.J. {\AA}str{\"o}m
                  and T. H{\"a}gglund},
    title      = {Advanced PID Control},
    isbn       = {1556179421},
    year       = {2006},
    publisher  = {The Instrumentation, Systems and Automation Society},
}

@article{Astrom:2004,
    author     = {K.J. {\AA}str{\"o}m
                  and T. H{\"a}gglund},
    journal    = {Journal of Process Control},
    title      = {Revisiting the {Ziegler–-Nichols} step response method for {PID} control},
    volume     = {14},
    number     = {6},
    year       = {2004},
    issn       = {0959-1524},
}

@article{Soltesz:2016,
    title      = {Simultaneous design of proportional–integral–derivative controller and measurement filter by optimisation},
    author     = {K. Soltesz
                  and C. Grimholt
                  and S. Skogestad},
    year       = {2016},
    volume     = {11},
    journal    = {IET Control Theory and Applications},
    issn       = {1751-8652},
    number     = {3},
}

@article{Garpinger:2015,
    title      = {Software-based optimal {PID} design with robustness and noise sensitivity constraints},
    author     = {O. Garpinger and T. H{\"a}gglund},
    journal    = {Journal of Process Control},
    volume     = {33},
    year       = {2015},
    issn       = {0959-1524},
}

@inproceedings{Cervin:2019,
    author     = {A. {Cervin}
                and P. {Pazzaglia}
                and M. {Barzegaran}
                and R. {Mahfouzi}},
    booktitle  = {24th IEEE International Conference on Emerging Technologies and Factory Automation (ETFA)},
    title      = {Using {JitterTime} to Analyze Transient Performance in Adaptive and Reconfigurable Control Systems},
    year       = {2019},
}

@book{Golub:1989,
    author      = {G.H. Golub
                and C.F. Van Loan},
    title       = {Matrix Computations},
    publisher   = {Johns Hopkins University Press},
    year        = {1989},
}

@article{Bernat:2001,
    author     = {Bernat, G. and Burns, A. and Liamosi, A.},
    title      = {Weakly hard real-time systems},
    year       = {2001},
    volume     = {50},
    journal    = {IEEE Transactions on Computers},
}

@inproceedings{Wu:2020,
    author = {Wu, S.-L.
           and Bai, C.-Y.
           and Chang, K.-C.
           and Hsieh, Y.-T.
           and Huang, C.
           and Lin, C.-W.
           and Kang, E.
           and Zhu, Q.},
    title = {Efficient System Verification with Multiple Weakly-Hard Constraints for Runtime Monitoring},
    booktitle = {Runtime Verification},
    year = {2020},
    isbn = {978-3-030-60508-7},
}

@article{Youcheng:2017,
    author = {Sun, Y. and Di Natale, M.},
    title = {Weakly Hard Schedulability Analysis for Fixed Priority Scheduling of Periodic Real-Time Tasks},
    year = {2017},
    address = {New York, NY, USA},
    volume = {16},
    number = {5s},
    issn = {1539-9087},
}

@INPROCEEDINGS{Natarajan:2019,
    author = {Natarajan, S. and Nasri, M. and Broman, D. and Brandenburg, B.B. and Nelissen, G.},
    booktitle = {Real-Time Systems Symposium},
    title = {From Code to Weakly Hard Constraints: A Pragmatic End-to-End Toolchain for Timed C},
    year = {2019},
}

@INPROCEEDINGS{Bernat:1997,
    author      = {G. {Bernat}
                and A. {Burns}},
    booktitle   = {Real-Time Systems Symposium},
    title       = {Combining {$\binom{n}{m}$}-hard deadlines and dual priority scheduling},
    year        = {1997},
}

@article{Ernst:2018,
    title       = {{The Logical Execution Time Paradigm: New Perspectives for Multicore Systems (Dagstuhl Seminar 18092)}},
    author      = {Ernst, R. and Kuntz, S. and Quinton, S. and Simons, M.},
    journal     = {{Dagstuhl Reports}},
    volume      = {8},
    year        = {2018},
}

@inbook{Kirsch:2012,
    author      = {Kirsch, C. and Sokolova, A.},
    year        = {2012},
    booktitle   = {Advances in Real-Time Systems},
    title       = {The Logical Execution Time Paradigm},
    publisher   = {Springer Berlin Heidelberg},
    isbn        = {978-3-642-24349-3},
}

@article{Desborough2001,
    title       = {Increasing customer value of industrial control performance monitoring-Honeywell's experience},
    author      = {Desborough, L.},
    journal     = {Preprints of CPC},
    year        = {2001}
}

@InProceedings{Pazzaglia:2019,
    author      = {P. Pazzaglia and C. Mandrioli and M. Maggio and A. Cervin},
    title       = {{Deadline-Miss-Aware Control}},
    booktitle   = {Euromicro Conference on Real-Time Systems},
    ISBN        = {978-3-95977-110-8},
    ISSN        = {1868-8969},
    year        = {2019},
}

@InProceedings{Maggio:2020,
    author      = {M. Maggio and A. Hamann and E. Mayer-John and D. Ziegenbein},
    title       = {{Control-System Stability under Consecutive Deadline Misses Constraints}},
    booktitle   = {Euromicro Conference on Real-Time Systems},
    year        = {2020},
}

@article{Cervin:2005,
    title       = {Analysis of overrun strategies in periodic control tasks},
    author      = {Cervin, A.},
    journal     = {IFAC Proceedings Volumes},
    volume      = {38},
    number      = {1},
    year        = {2005},
}

@article{Hamdaoui:1995,
    author      = {Hamdaoui, M. and Ramanathan, P.},
    journal     = {{IEEE} Transactions on Computers},
    title       = {A dynamic priority assignment technique for streams with (m, k)-firm deadlines},
    year        = {1995},
    volume      = {44},
    number      = {12},
}

@inproceedings{Soudbakhsh:2013,
    author      = {Soudbakhsh, D. and Phan, Linh T.X. and Sokolsky, O. and Lee, I. and Annaswamy, A.},
    title       = {Co-design of Control and Platform with Dropped Signals},
    booktitle   = {International Conference on Cyber-Physical Systems},
    year        = {2013},
}

@inproceedings{Bund:2014,
    author      = {Bund, T. and Slomka, F.},
    title       = {Controller/Platform Co-design of Networked Control Systems Based on Density Functions},
    booktitle   = {International Workshop on Design, Modeling, and Evaluation of Cyber-Physical Systems},
    year        = {2014},
}

@INPROCEEDINGS{Frehse:2014,
    author      = {Frehse, G. and Hamann, A. and Quinton, S. and Woehrle, M.},
    booktitle   = {Real-Time Systems Symposium},
    title       = {Formal Analysis of Timing Effects on Closed-Loop Properties of Control Software},
    year        = {2014},
}

@inproceedings{Bund:2015,
    author      = {Bund, T. and Slomka, F.},
    title       = {Worst-case Performance Validation of Safety-critical Control Systems with Dropped Samples},
    booktitle   = {International Conference on Real Time and Networks Systems},
    year        = {2015},
    location    = {Lille, France},
}

@article{Sun:2017,
    author      = {Sun, Y. and Di Natale, M.},
    title       = {Weakly Hard Schedulability Analysis for Fixed Priority Scheduling of Periodic Real-Time Tasks},
    journal     = {ACM Transactions on Embedded Computing Systems},
    volume      = {16},
    year        = {2017},
}

@inproceedings{Hammadeh:2017a,
    author      = {Z.A.H. Hammadeh and S. Quinton and M. Panunzio and R. Henia and L. Rioux and R. Ernst},
    title       = {{Budgeting Under-Specified Tasks for Weakly-Hard Real-Time Systems}},
    booktitle   = {Euromicro Conference on Real-Time Systems},
    year        = {2017},
}

@inproceedings{Hammadeh:2017b,
    author      = {Hammadeh, Z.A.H. and Ernst, R. and Quinton, S. and Henia, R. and Rioux, L.},
    booktitle   = {Design, Automation {\&} Test in Europe Conference Exhibition},
    title       = {Bounding deadline misses in weakly-hard real-time systems with task dependencies},
    year        = {2017},
}

@inproceedings{Ahrendts:2018,
    author      = {L. Ahrendts and S. Quinton and T. Boroske and R. Ernst},
    title       = {{Verifying Weakly-Hard Real-Time Properties of Traffic Streams in Switched Networks}},
    booktitle   = {Euromicro Conference on Real-Time Systems},
    year        = {2018},
}

@ARTICLE{Soudbakhsh:2018,
    author      = {D. {Soudbakhsh} and L.T.X. {Phan} and A.M. {Annaswamy} and O. {Sokolsky}},
    journal     = {{IEEE} Transactions on Control of Network Systems},
    title       = {Co-Design of Arbitrated Network Control Systems With Overrun Strategies},
    year        = {2018},
}

@inproceedings{Pazzaglia:2018,
    author      = {P. Pazzaglia and L. Pannocchi and A. Biondi and M. Di Natale},
    title       = {{Beyond the Weakly Hard Model: Measuring the Performance Cost of Deadline Misses}},
    booktitle   = {Euromicro Conference on Real-Time Systems},
    year        = {2018},
}

@article{Gaukler:2019a,
    title       = {Convergence Rate Abstractions for Weakly-Hard Real-Time Control},
    author      = {Gaukler, M. and Rheinfels, T. and Ulbrich, P. and Roppenecker, G.},
    journal     = {arXiv preprint arXiv:1912.09871},
    year        = {2019}
}

@inproceedings{Chakraborty:2018,
    author      = {S.K. Ghosh and
                  S. Dey and
                  D. Goswami and
                  D. Mueller{-}Gritschneder and
                  S. Chakraborty},
    title       = {Design and validation of fault-tolerant embedded controllers},
    booktitle   = {Design, Automation {\&} Test in Europe Conference Exhibition},
    year        = {2018},
}

@inproceedings{Chakraborty:2014a,
    author      = {M. Kauer and
                  D. Soudbakhsh and
                  D. Goswami and
                  S. Chakraborty and
                  A.M. Annaswamy},
    title       = {Fault-tolerant control synthesis and verification of distributed embedded systems},
    booktitle   = {Design, Automation {\&} Test in Europe Conference Exhibition},
    year        = {2014},
}

@inproceedings{Chakraborty:2014b,
    author      = {D. Goswami and
                  D. Mueller{-}Gritschneder and
                  T. Basten and
                  U. Schlichtmann and
                  S. Chakraborty},
    title       = {Fault-tolerant embedded control systems for unreliable hardware},
    booktitle   = {International Symposium on Integrated Circuits},
    year        = {2014},
}

@inproceedings{Gujarati:2019,
    author      = {A. Gujarati and
                  M. Nasri and
                  R. Majumdar and
                  B.B. Brandenburg},
    title       = {From Iteration to System Failure: Characterizing the FITness of Periodic Weakly-Hard Systems},
    booktitle   = {Euromicro Conference on Real-Time Systems},
    year        = {2019},
}

@InProceedings{Gujarati:2018,
    author      = {A. Gujarati and M. Nasri and B.B. Brandenburg},
    title       = {{Quantifying the Resiliency of Fail-Operational Real-Time Networked Control Systems}},
    booktitle   = {Euromicro Conference on Real-Time Systems},
    year        = {2018},
}

@InProceedings{Caccamo:2017a,
    author      = {F. {Abdi} and
                  R. {Mancuso} and
                  R. {Tabish} and
                  M. {Caccamo}},
    booktitle   = {International Conference on Embedded and Real-Time Computing Systems and Applications},
    title       = {Restart-based fault-tolerance: System design and schedulability analysis},
    year        = {2017},
}

@inproceedings{Caccamo:2017b,
    author      = {Abdi, F.
                and Tabish, R.
                and Rungger, M.
                and Zamani, M.
                and Caccamo, M.},
    title       = {Application and System-Level Software Fault Tolerance through Full System Restarts},
    year        = {2017},
    booktitle   = {International Conference on Cyber-Physical Systems},
}

@article{Caccamo:2018,
    author      = {F. {Abdi}
                and C. {Chen}
                and M. {Hasan}
                and S. {Liu}
                and S. {Mohan}
                and M. {Caccamo}},
    journal     = {IEEE Internet of Things Journal},
    title       = {Preserving Physical Safety Under Cyber Attacks},
    year        = {2019},
}

@INPROCEEDINGS{Caccamo:1997,
    author      = {M. {Caccamo} and G. {Buttazzo}},
    booktitle   = {Real-Time Systems Symposium},
    title       = {Exploiting skips in periodic tasks for enhancing aperiodic responsiveness},
    year        = {1997},
}

@InProceedings{Easwaran:2019,
    author      = {J. {Boudjadar}
                and S. {Ramanathan}
                and A. {Easwaran}
                and U. {Nyman}},
    booktitle   = {International Symposium on Distributed Simulation and Real Time Applications},
    title       = {Combining Task-level and System-level Scheduling Modes for Mixed Criticality Systems},
    year        = {2019},
}

@INPROCEEDINGS{Linsenmayer:2017,
    author      = {Linsenmayer, S. and Allgower, F.},
    booktitle   = {Conference on Decision and Control},
    title       = {Stabilization of networked control systems with weakly hard real-time dropout description},
    year        = {2017},
    volume      = {},
    number      = {},
}

@inproceedings{Easwaran:2010,
    author      = {Lee, J.
                and Shin, I.
                and Easwaran, A.},
    title       = {Online Robust Optimization Framework for QoS Guarantees in Distributed Soft Real-Time Systems},
    year        = {2010},
    booktitle   = {International Conference on Embedded Software},
}

@inproceedings{Easwaran:2018,
    author      = {S. {Andalam}
                and D. J. X. {Ng}
                and A. {Easwaran}
                and K. {Thangamariappan}},
    booktitle   = {International Symposium on Real-Time Distributed Computing},
    title       = {{CLAIR:} A Contract-Based Framework for Developing Resilient CPS Architectures},
    year        = {2018},
}

@inproceedings{Ernst:2015,
    author      = {W. {Xu}
                and Z.A.H. {Hammadeh}
                and A. {Kröller}
                and R. {Ernst}
                and S. {Quinton}},
    booktitle   = {Euromicro Conference on Real-Time Systems},
    title       = {Improved Deadline Miss Models for Real-Time Systems Using Typical Worst-Case Analysis},
    year        = {2015},
}

@inproceedings{Ernst:2017,
    author      = {Ahrendts, L.
                and Quinton, A.
                and Ernst, R.},
    title       = {Finite Ready Queues as a Mean for Overload Reduction in Weakly-Hard Real-Time Systems},
    year        = {2017},
    booktitle   = {International Conference on Real-Time Networks and Systems},
}

@INPROCEEDINGS{Rowe:2013,
    author      = {D. {de Niz}
                and L. {Wrage}
                and A. {Rowe}
                and R. {Rajkumar}},
    booktitle   = {International Conference on Embedded and Real-Time Computing Systems and Applications},
    title       = {Utility-based resource overbooking for Cyber-Physical Systems},
    year        = {2013},
}

@inproceedings{Teich:2015,
    author      = {Khosravi, F.
                and M\"{u}ller, M.
                and Gla\ss{}, M.
                and Teich, J.},
    title       = {Uncertainty-Aware Reliability Analysis and Optimization},
    year        = {2015},
    booktitle   = {Design, Automation {\&} Test in Europe Conference {\&} Exhibition},
}

@inproceedings{Broman:2017,
    author      = {Kim, K.
                and Kang, E.
                and Broman, D.
                and Lee, E.A.},
    title       = {An Architectural Mechanism for Resilient IoT Services},
    year        = {2017},
    booktitle   = {ACM Workshop on the Internet of Safe Things},
}

@INPROCEEDINGS{Buttazzo:2000a,
    author      = {M. {Caccamo}
                and G. {Buttazzo}
                and  {Lui Sha}},
    booktitle   = {Euromicro Conference on Real-Time Systems},
    title       = {Elastic feedback control},
    year        = {2000},
}

@INPROCEEDINGS{Buttazzo:2000b,
    author      = {M. {Caccamo}
                and G. {Buttazzo}
                and L. {Sha}},
    booktitle   = {Real-Time Systems Symposium},
    title       = {Capacity sharing for overrun control},
    year        = {2000},
}

@inproceedings{Phan:2015,
    title       = {Fault Tolerance and the Five-Second Rule},
    author      = {A. Chen
                and Hanjun Xiao
                and H. Haeberlen
                and L.T.X. Phan},
    booktitle   = {HotOS},
    year        = {2015}
}

@InProceedings{Bruggen:2018a,
    author      = {G. von der Br{\"u}ggen
                and N. Piatkowski
                and K.-H. Chen
                and J.-J. Chen
                and K. Morik},
    title       = {{Efficiently Approximating the Probability of Deadline Misses in Real-Time Systems}},
    booktitle   = {Euromicro Conference on Real-Time Systems},
    year        = {2018},
}

@INPROCEEDINGS{Bruggen:2018b,
    author      = {K.-H. {Chen}
                and G. {Von Der Br{\"u}ggen}
                and J.-J. {Chen}},
    booktitle   = {International Conference on Embedded and Real-Time Computing Systems and Applications},
    title       = {Analysis of Deadline Miss Rates for Uniprocessor Fixed-Priority Scheduling},
    year        = {2018},
}

@inproceedings{Vreman:2020,
    title       = {Evaluation of burst failure robustness of control systems in the fog},
    author      = {N. Vreman and C. Mandrioli},
    year        = {2020},
    series      = {OpenAccess Series in Informatics},
    booktitle   = {Workshop on Fog Computing and the IoT},
}

@inproceedings{Vreman:2022,
    author      = {Vreman, Nils and Pates, Richard and Maggio, Martina},
    booktitle   = {2022 IEEE 28th Real-Time and Embedded Technology and Applications Symposium (RTAS)},
    title       = {WeaklyHard.jl: Scalable Analysis of Weakly-Hard Constraints},
    year        = {2022},
    pages       = {228-240},
    doi         = {10.1109/RTAS54340.2022.00026},
}

@INPROCEEDINGS{Altmeyer:2014,
    author      = {S. {Altmeyer}
                and R.I. {Davis}},
    booktitle   = {Design, Automation Test in Europe Conference Exhibition},
    title       = {On the correctness, Optimality and Precision of Static Probabilistic Timing Analysis},
    year        = {2014},
}

@INPROCEEDINGS{Davis:2013,
    author      = {R.I. {Davis}
                and L. {Santinelli}
                and S. {Altmeyer}
                and C. {Maiza}
                and L. {Cucu-Grosjean}},
    booktitle   = {Euromicro Conference on Real-Time Systems},
    title       = {Analysis of Probabilistic Cache Related Preemption Delays},
    year        = {2013},
}

@inproceedings{Ernst:2014,
    author      = {Hammadeh, Z.A.H.
                and Quinton, S.
                and Ernst, R.},
    title       = {Extending Typical Worst-Case Analysis Using Response-Time Dependencies to Bound Deadline Misses},
    year        = {2014},
    booktitle   = {International Conference on Embedded Software},
}

@INPROCEEDINGS{Choi:2019,
    author      = {H. {Choi}
                and H. {Kim}
                and Q. {Zhu}},
    booktitle   = {Real-Time and Embedded Technology and Applications Symposium},
    title       = {Job-Class-Level Fixed Priority Scheduling of Weakly-Hard Real-Time Systems},
    year        = {2019},
}

@article{Hammadeh:2019,
    author      = {Hammadeh, Z.A.H.
                and Quinton, S.
                and Ernst, R.},
    title       = {Weakly-Hard Real-Time Guarantees for Earliest Deadline First Scheduling of Independent Tasks},
    year        = {2019},
    journal     = {ACM Transactions on Embedded Computing Systems},
}

@INPROCEEDINGS{Broman:2019,
    author      = {S. {Natarajan}
                and M. {Nasri}
                and D. {Broman}
                and B.B. {Brandenburg}
                and G. {Nelissen}},
    booktitle   = {Real-Time Systems Symposium},
    title       = {From Code to Weakly Hard Constraints: A Pragmatic End-to-End Toolchain for Timed {C}},
    year        = {2019},
}

@book{montgomery2009introduction,
    title       = {Introduction to Statistical Quality Control},
    author      = {Montgomery, D.C.},
    year        = {2009},
    publisher   = {Wiley}
}

@book{reliabook,
    author      = {O'Connor, P.P. and Kleyner, A.},
    title       = {Practical Reliability Engineering},
    year        = {2012},
    publisher   = {Wiley Publishing},
    edition     = {5th}
}

@ARTICLE{Teich:2017,
    author      = {F. {Khosravi}
                and M. {Glass}
                and J. {Teich}},
    journal     = {IEEE Transactions on Reliability},
    title       = {Automatic Reliability Analysis in the Presence of Probabilistic Common Cause Failures},
    year        = {2017},
    volume      = {66},
    number      = {2},
}

@ARTICLE{schenato09,
    author      = {L. {Schenato}},
    journal     = {IEEE Transactions on Automatic Control},
    title       = {To Zero or to Hold Control Inputs With Lossy Links?},
    year        = {2009},
    volume      = {54},
    number      = {5},
}

@book{Hopcroft:2001,
    author      = {Hopcroft, J.E.
                and Motwani, R.
                and Ullman, J.D.},
    title       = {Introduction to Automata Theory, Languages, and Computation},
    year        = {2001},
    isbn        = {0201441241},
    publisher   = {Addison-Wesley},
}

@article{Hagglund:2002,
    author      = {H{\"a}gglund, T. and {\AA}str{\"o}m, K.-J.},
    year        = {2002},
    title       = {Revisiting The Ziegler‐Nichols Tuning Rules For Pi Control},
    volume      = {4},
    journal     = {Asian Journal of Control},
}

@book{Blakelock:1991,
    author      = {Blakelock, J.H.},
    title       = {Automatic Control of Aircraft and Missiles},
    publisher   = {Wiley}, 
    year        = {1991},
    edition     = {2nd},
    isbn        = {978-0-471-50651-5},
}

@book{Sree:2006,
    author      = {R. Padma Sree
                and M. Chidambaram},
    title       = {Control of Unstable Systems},
    publisher   = {Alpha Science}, 
    year        = {2006},
    isbn        = {978-1-842-65287-9},
}


@article{parrilo,
  title={Approximation of the joint spectral radius using sum of squares},
  author={Parrilo, P.A. and Jadbabaie, A.},
  journal={Linear Algebra and its Applications},
  year={2008},
}

@book{wolkowicz2012handbook,
  title={Handbook of semidefinite programming: theory, algorithms, and applications},
  author={Wolkowicz, H. and Saigal, R. and Vandenberghe, L.},
  year={2012},
  publisher={Springer}
}

@incollection{andersen2000mosek,
  title={The MOSEK interior point optimizer for linear programming: an implementation of the homogeneous algorithm},
  author={Andersen, E.D. and Andersen, K.D.},
  booktitle={High performance optimization},
  year={2000},
  publisher={Springer}
}

@article{lasserre2001global,
  title={Global optimization with polynomials and the problem of moments},
  author={Lasserre, J.B.},
  journal={SIAM Journal on optimization},
  volume={11},
  number={3},
  year={2001},
}

@phdthesis{parrilo2000structured,
  title={Structured semidefinite programs and semialgebraic geometry methods in robustness and optimization},
  author={Parrilo, P.A.},
  year={2000},
  school={California Institute of Technology}
}

@article{rota,
  title={A note on the joint spectral radius},
  author={Rota, G. and Strang, W},
  year={1960}
}

@inproceedings{vankeerberghen2014jsr,
  title={JSR: A toolbox to compute the joint spectral radius},
  author={Vankeerberghen, G. and Hendrickx, J. and Jungers, R.M.},
  booktitle={International Conference on Hybrid Systems Computation and Control},
  year={2014}
}

@article{re2,
  title={Extremal PSD forms with few terms},
  author={Reznick, B.},
  journal={Duke mathematical journal},
  volume={45},
  number={2},
  year={1978},
}

@article{tssos,
  title={{TSSOS: A Moment-SOS hierarchy that exploits term sparsity}},
  author={Wang, J. and Magron, V. and Lasserre, J.-B.},
  journal={SIAM Journal on Optimization},
  volume={31},
  number={1},
  year={2021},
}

@article{sparsejsr,
title={{SparseJSR: A Fast Algorithm to Compute Joint Spectral Radius via Sparse SOS Decompositions}},
author={J. Wang and M. Maggio and V. Magron},
year="2021",
journal={American Control Conference}
}

@misc{JSRtoolbox,
title={{
The JSR toolbox}},
author={R. Jungers},
note= {\url{https://it.mathworks.com/matlabcentral/fileexchange/33202-the-jsr-toolbox}},
year="2014"
}


@article{legat2020certifying,
  title={Certifying unstability of switched systems using sum of squares programming},
  author={Legat, B. and Parrilo, P.A. and Jungers, R.M.},
  journal={SIAM Journal on Control and Optimization},
  volume={58},
  number={4},
  year={2020},
}

@inproceedings{Vreman:2021,
  author =	{Vreman, N. and Cervin, A. and Maggio, M.},
  title =	{{Stability and Performance Analysis of Control Systems Subject to Bursts of Deadline Misses}},
  booktitle =	{Euromicro Conference on Real-Time Systems},
  year =	{2021},
}

@article{hertneck2021efficient,
  title={Efficient stability analysis approaches for nonlinear weakly-hard real-time control systems},
  author={Hertneck, M. and Linsenmayer, S. and Allg{\"o}wer, F.},
  journal={Automatica},
  year={2021},
  publisher={Elsevier}
}

@inproceedings{huang2020saw,
  title={Saw: A tool for safety analysis of weakly-hard systems},
  author={Huang, C. and Chang, K.-C. and Lin, C.-W. and Zhu, Q.},
  booktitle={International Conference on Computer Aided Verification},
  year={2020},
  organization={Springer}
}

@inproceedings{huang2019formal,
  title={Formal verification of weakly-hard systems},
  author={Huang, C. and Li, W. and Zhu, Q.},
  booktitle={Proceedings of the 22nd ACM International Conference on Hybrid Systems: Computation and Control},
  year={2019}
}
